2909 4825
241 199 318 275 340
559 215 700 270 ernon
726 213 986 270 strennuus.

128 425 132 438 ·
242 375 531 471 sententiasque,
548 371 747 444 nonnullas
787 370 900 444 affert·
926 371 1140 470 Simplicius
1174 372 1318 445 Dama-

243 498 311 571 scii
343 492 647 568 studiosissimus.
710 481 772 564 lili
805 491 1030 587 Theologiae
1064 491 1112 564 ab
1127 525 1130 538 ·
1146 491 1317 569 Eudemo

129 651 131 656 ¹
166 621 169 626 “
244 617 443 714 expositae
474 613 702 686 Damasoius·
731 612 844 686 aliam
878 611 1084 709 subjungit,
1133 634 1244 709 quam
1278 616 1320 684 in

243 734 468 833 Rhapsodiis
494 733 692 820 contineri,
719 745 756 805 et
781 735 949 823 tertiam,
975 755 1073 831 quae
1087 731 1134 807 ab
1147 736 1236 829 ipso
1252 755 1320 808 vo-

246 869 352 931 catur
376 856 399 951 ἡ
424 854 520 930 κατὰ
548 850 772 953 Ἱερώνυμον
797 855 861 930 καὶ
890 853 1122 944 Ἑλλάνικον,
1142 863 1320 930 caetero-

139 976 141 979 ’
244 982 308 1076 qui
333 978 461 1071 ignota
487 983 554 1044 est
605 971 841 1047 Hellanicum
874 974 1090 1048 historicum
1124 975 1321 1068 significari

245 1094 521 1191 wyttenbachii
548 1095 608 1165 est'
631 1096 843 1191 conjectura
868 1097 892 1166 l.
919 1120 949 1167 c.
983 1115 1035 1166 ex
1061 1095 1143 1168 solo
1169 1097 1320 1168 nomine

246 1217 376 1306 ducta,
415 1236 488 1311 quo
522 1226 603 1287 tum
636 1215 701 1287 alii
735 1217 795 1289 usi
819 1227 906 1289 sunt
931 1201 1059 1304 multi,
1099 1228 1179 1288 tum
1205 1218 1320 1290 otiam

244 1339 310 1413 ille
324 1334 509 1410 Sandonis
523 1347 648 1432 pater,
675 1334 722 1409 do
743 1335 944 1434 quomodo
966 1334 1140 1408 diximus.
1192 1336 1319 1409 Prom-

246 1460 323 1532 tius
348 1457 528 1529 assentiar
559 1457 593 1528 si
625 1447 707 1553 quis
733 1457 1007 1562 Hieronymum
1032 1457 1319 1555 Peripateticum

246 1581 287 1652 iu
312 1567 418 1649 libro
434 1576 518 1676 περὶ
542 1586 708 1674 ποιητῶν
734 1578 818 1668 illa,
844 1578 1171 1676 quoeDamasoius
1194 1576 1321 1665 refert,

247 1697 506 1799 perscripsisse
557 1707 708 1772 statuat
768 1688 849 1772 ‘Sed
887 1700 969 1795 jam
1010 1699 1081 1772 hoc
1127 1720 1320 1797 creperum
1353 1679 1356 1686 ¹

249 1819 385 1915 egressi
408 1818 450 1889 in
474 1815 602 1890 media
624 1819 904 1894 Alexandrinas
929 1822 1063 1894 aetatis
1087 1817 1170 1891 luce
1196 1841 1341 1922 versa·¹

247 1962 351 2027 mur,
376 1959 474 2035 quae
498 1949 577 2011 tum
604 1923 725 2013 omnis
751 1919 919 2014 literatos
944 1940 1175 2039 antiquitatis
1201 1942 1323 2014 moni-

248 2060 384 2135 mentis
417 2054 639 2135 abundarit
656 2072 737 2151 tum
770 2064 901 2136 etiam·
919 2062 992 2136 hoc
1022 2083 1156 2157 genere
1196 2084 1321 2135 rorum

248 2178 468 2256 mirabiliter
493 2179 673 2254 instructa
697 2180 788 2273 tuit,
822 2195 866 2258 ut
897 2181 1060 2256 ostendit
1084 2182 1150 2254 illo
1175 2171 1322 2279 peram·

249 2303 335 2401 plus
361 2298 607 2397 Orphicorum
639 2302 821 2376 librorum
854 2304 1043 2399 catalogus
1076 2324 1099 2376 a
1130 2298 1323 2400 Clemente

251 2432 290 2495 et
315 2418 433 2508 suida
457 2424 693 2521 propositus,
717 2420 777 2495 'do
807 2442 883 2519 quo
914 2411 1106 2523 nunquam
1138 2422 1322 2514 dubitavi,

227 2542 342 2639 'quin
365 2562 484 2613 unum
510 2565 532 2613 e
557 2541 781 2616 doctissimis
805 2553 975 2621 vetemm
999 2530 1217 2621 Musoorum
1242 2544 1321 2619 hel-

249 2659 425 2733 luonibus
468 2674 658 2736 auctorem
699 2648 845 2735 haheat
911 2664 980 2755 Et,
1031 2684 1242 2765 quanquam
1280 2665 1322 2739 iu

252 2801 385 2875 magno
418 2782 648 2857 literatorum
680 2781 1018 2859 Alexandrinorum
1060 2796 1099 2858 et
1130 2787 1324 2882 Pergamo-

251 2922 385 2974 nomm
411 2926 565 2976 numero
590 2903 715 2976 nullus
742 2906 963 2979 nominatim
989 2906 1162 3005 proditur
1187 2906 1324 3007 Orphi-

252 3044 380 3096 corum
405 3025 611 3098 carminum
635 3022 697 3098 vol
730 3021 923 3098 ordinator
953 3026 1016 3101 vel
1047 3038 1232 3101 corrector
1260 3028 1325 3103 vel

252 3144 453 3243 interpres,
485 3155 611 3218 tamen
640 3143 766 3216 nescio
799 3165 847 3218 an
872 3145 1056 3245 Epigenes
1089 3147 1175 3222 huic
1201 3147 1325 3222 ordini

254 3261 419 3338 adscribi
442 3273 644 3363 mereatur,
679 3264 743 3360 qui
769 3267 811 3343 ἐν
841 3274 920 3352 τοῖς
952 3268 1037 3369 περὶ
1059 3277 1126 3365 τῆς
1157 3275 1209 3355 εἰς
1230 3271 1330 3370 ’ορἢ

254 3385 326 3484 φὲα
351 3382 529 3480 ποιήσεως
554 3381 628 3456 duo
656 3382 798 3482 Orphei
829 3388 994 3461 ommino
1020 3386 1175 3490 Cercopi
1207 3402 1324 3466 uaris-
1360 3424 1362 3428 ·

253 3505 421 3599 scripsit,
446 3503 677 3603 totidemque
703 3505 779 3579 alia
801 3505 999 3599 Brontino,
1028 3530 1150 3609 neque
1173 3533 1250 3585 non
1274 3513 1326 3590 τὰ

255 3621 451 3715 ἰδιάζοντα
484 3626 569 3727 παρ’
601 3627 742 3727 Ὀρφεῖ
771 3632 950 3726 exposuit
979 3651 1019 3706 v.
1053 3629 1093 3705 P.
1125 3626 1191 3705 HL
1223 3656 1253 3704 c
1285 3632 1324 3705 9.

254 3740 460 3839 Epigenem
483 3743 582 3818 hunc
596 3742 837 3824 casaubonus
862 3772 939 3826 non
960 3750 1107 3826 dubitat
1131 3753 1324 3849 antiquum

254 3858 444 3956 Critioum,
469 3865 743 3968 multorumque
755 3882 950 3968 poetarum
961 3873 1202 3973 interpretem
1218 3896 1325 3970 prae

254 3979 379 4058 dicare
403 3984 452 4061 ad
476 3985 610 4063 Athen.
635 3987 701 4065 Xl.
725 3990 813 4067 468.
840 3990 880 4068 C.
906 4015 1116 4097 quanquam
1140 3993 1324 4071 Athenaei
