2909 4825
318 101 327 132 i

233 266 285 342 68
590 275 735 332 urnun
760 273 952 331 rnruus.
1034 245 1043 276 ¹

237 438 409 526 dueum,
441 445 485 508 ut
515 437 557 509 iu
590 434 911 510 omnihuseausis
938 431 1171 528 ambiguum,
1196 434 1252 504 ita
1275 432 1316 503 in

237 560 307 634 hae
331 557 427 631 adeo
453 554 664 632 invalidum
690 568 765 646 est,
791 557 836 628 ut
859 554 912 628 abw
933 553 1201 628 Eeelesiastieis
1227 552 1315 624 seri·

237 678 408 779 ptoribus
433 678 473 749 in
499 681 722 752 contrariam
747 687 895 775 partem
919 676 1096 749 trahatur.
1136 673 1190 748 Hi
1217 674 1316 746 enirn

237 799 419 895 mysteria
450 794 536 869 ideo
571 818 595 870 a
620 801 833 897 promiscuo
850 783 929 869 'usu
955 805 1097 868 secreta
1122 794 1237 867 fuisse
1262 793 1316 865 af-

239 920 406 1008 firmant,
432 939 480 988 ne
504 917 698 1019 turpitudo
725 939 854 991 eurum
875 923 1090 1015 patesceret.
1121 967 1125 976 .

705 1161 742 1274 q
794 1174 852 1249 ιο.

345 1395 568 1494 Priusquam
585 1396 741 1472 ulterius
758 1395 1051 1496 progrediamur,
1078 1397 1204 1471 omnia
1223 1416 1316 1492 quae

245 1521 434 1608 haetenus,
447 1515 754 1615 disputavimus,
775 1520 816 1590 in
841 1517 993 1604 brevem
1020 1539 1206 1590 summam
1232 1538 1318 1588 enn-

244 1640 418 1714 feramus.
475 1635 594 1732 Vulgo
621 1636 804 1712 creditum
828 1657 1017 1732 sacrorum
1041 1639 1151 1710 initia
1176 1658 1200 1708 a
1224 1635 1316 1707 viris

245 1756 468 1857 quibusdam
506 1756 752 1855 prudentibus
787 1757 852 1831 ad.
870 1757 1161 1846 conservandam
1188 1759 1316 1828 'rerum

244 1878 458 1956 divinarum
483 1878 698 1966 seientiam,
730 1879 964 1977 posterisque
989 1876 1227 1965 tradendam,
1258 1895 1317 1952 sa-

243 1999 400 2073 lubriter
433 1996 646 2095 utiliterque
673 2000 875 2072 constituta
899 2021 980 2072 esse
1004 2001 1110 2098 quasi
1135 1994 1317 2096 quaedam
1358 1999 1360 2002 ’

166 2102 168 2106 ’
242 2120 449 2218 sapientiae
486 2117 728 2212 receptacula
794 2118 890 2190 Eam
923 2121 1138 2216 opinionem
1171 2117 1318 2190 elevare

244 2239 368 2312 eonati
401 2256 548 2325 sumus,
582 2236 718 2327 trihus,
750 2248 793 2308 ut
807 2238 926 2311 nubis
952 2236 1119 2328 videtur,
1145 2238 1319 2332 gravissi·

242 2359 315 2433 mis
348 2356 589 2452 argrrmentis3
623 2379 724 2448 uno‚.
751 2355 853 2455 quod
882 2357 1027 2433 nullum
1060 2358 1247 2433 idoneum·
1264 2368 1319 2429 te·

244 2491 340 2552 stem
364 2476 511 2566 haheat,
538 2476 668 2567 altero,
694 2476 839 2575 quoda
860 2478 1126 2553 consuetudine
1147 2489 1319 2555 veterum

245 2597 459 2685 abhorreat,
492 2599 622 2685 tertio,
655 2595 758 2694 quod
790 2620 875 2671 eum
906 2596 1065 2695 publicis
1092 2600 1320 2675 Graecorum

243 2716 483 2813 religionibus
510 2728 678 2791 constare
702 2739 778 2790 non
802 2720 940 2816 possit3
967 2742 1154 2819 quumque
1169 2722 1318 2819 praevi·

244 2836 415 2911 deremus
448 2837 548 2926 fore,
583 2840 647 2936 qui
675 2842 899 2943 ⁴esoterieam
926 2838 1133 2915 doctrinam
1158 2864 1320 2939 perpau-

244 2960 296 3032 eis
319 2969 450 3032 notam
477 2968 684 3046 excusaret,
709 2955 808 3033 hune
832 2971 1085 3058 praetextum,
1110 2972 1153 3035 ut
1179 2986 1225 3036 ex
1243 2985 1319 3047 vva·
1354 3017 1358 3025 .

243 3100 292 3153 nu
318 3080 515 3169 haustum,
550 3079 745 3174 rejecimus
771 3081 952 3179 simulque
979 3080 1227 3171 ostendimus,
1253 3105 1319 3155 ne-
1424 3086 1427 3093 '

244 3222 314 3297 que
346 3201 577 3276 reverentiae
611 3197 796 3288 officium,
831 3223 949 3299 neque
995 3200 1134 3277 silentii
1171 3203 1319 3300 religio-

156 3398 161 3413 ⁸
241 3341 348 3410 nem,
374 3343 447 3418 qua
471 3321 747 3394 Eleusiniorum
773 3321 932 3395 cultores
957 3344 998 3395 se
1023 3322 1219 3398 obstrictos
1248 3347 1321 3423 pu-

228 3451 381 3539 tarunt,
396 3438 597 3514 vdoetrinae
618 3441 801 3536 ejusmodi
828 3442 938 3517 tidem
958 3443 1097 3518 afferre.
1124 3446 1201 3521 Sed
1218 3443 1320 3546 quod

240 3563 364 3659 primu
390 3560 473 3635 loeo
499 3560 680 3650 diximus,
705 3563 829 3636 nullos
846 3612 848 3619 ι
863 3575 987 3639 extare
1018 3577 1152 3657 testes,
1183 3566 1225 3639 id
1259 3590 1318 3640 ae-

206 3796 212 3809 ·
243 3781 304 3837 582.
322 3784 353 3838 C.
376 3783 416 3857 μὴ
440 3786 621 3857 σεμνοτέρους
643 3782 848 3855 inoportunum
863 3782 927 3845 τοὺς
943 3790 1162 3857 προςκυνοῡντας
1179 3793 1234 3849 τοῖς
1251 3787 1316 3841 δαι-

242 3861 363 3924 μονίοις,
388 3858 416 3909 οἳ
438 3858 541 3909 θᾶττον
566 3850 601 3906 ἂν
623 3857 672 3907 τοῦ
695 3858 810 3924 αἳματος
834 3853 852 3921 ἢ
877 3850 968 3925 λόγων
992 3858 1066 3912 ἐστὶν
1084 3849 1124 3913 ὧν
1139 3856 1317 3930 μεταδιδοῖεν
1343 3872 1382 3921 ¹¹,

241 3930 298 3986 τοῖς
322 3923 458 3997 ἀμυήτοις.
484 3924 715 3994 Pareemiogrsphi
738 3931 765 3977 et
788 3925 883 3978 strides
907 3943 928 3978 s.
954 3924 1096 3998 Στεγανόν
1120 3962 1156 3972 -
1179 3949 1262 4003 uapor
1287 3934 1318 3982 tn

240 3990 350 4065 Βάκχης
365 3993 476 4068 τρόπον,
494 3994 542 4050 ἐπὶ
558 3996 613 4049 τῶν
629 3999 769 4066 meroveis
784 3997 834 4050 zai
849 3998 1003 4064 σιωπηλῶν·
1022 4002 1052 4053 al
1068 3997 1123 4073 γὰρ
1137 3997 1246 4071 Βάκχαι
1255 3949 1317 4056 gt-

240 4084 307 4134 γων.
907 4116 911 4127 .
