2909 4825
486 259 834 320 nnsusrurl.
1153 251 1202 326 ’9

122 422 185 500 vol
219 418 455 498 sdoerdotttm
487 422 682 521 colloquiis
711 420 989 514 inductionum
1022 422 1201 523 pleraque

121 560 212 614 non>
232 538 281 614 de
304 541 514 618 dommus
544 544 694 641 scripta·
714 540 903 618 suntsed
933 540 981 617 de
1011 546 1201 638 mysteriis

122 662 295 758 pdvotis,
322 664 700 762 qnorumantistites,
725 685 840 761 mum
859 685 1001 763 pausos
1020 663 1203 746 belmont

120 799 191 855 noo
229 805 377 881 semper
395 782 566 860 eosdem
598 783 807 873 auditores,-
849 785 977 858 omnia
1009 784 1060 859 ad
1090 805 1201 864 snum

120 901 320 984 arbitrium
359 913 399 977 et
421 903 490 979 *od
526 916 675 1002 putum
713 903 948 979 audientium
978 925 1202 1005 componas

120 1032 314 1120 poterant3
353 1023 455 1123 quod
496 1029 574 1099 eos
601 1048 716 1124 saepo
751 1024 884 1100 iecisse
921 1024 1114 1124 multaque
1149 1048 1202 1108 ex

121 1142 435 1245 philosophorum
460 1144 774 1245 disputationibus
800 1156 970 1221 assumta
988 1145 1203 1224 venditasse

122 1285 196 1362 pro
229 1267 328 1356 suis,
362 1268 437 1346 alio
472 1268 557 1342 loeo
590 1265 848 1342 declarabitur.
887 1265 1020 1358 ‘Quod
1050 1267 1101 1343 ad
1125 1270 1198 1367 pri·

122 1406 233 1459 mum
268 1408 384 1483 genus
423 1390 576 1479 attinet,
620 1386 894 1464 inconsiderate
930 1388 1090 1480 ludunt,
1137 1388 1203 1488 qni

124 1523 240 1604 quum
272 1504 534 1584 admirationis
565 1508 668 1584 illius
703 1510 844 1584 multae
869 1511 1069 1609 variasque
1093 1505 1202 1584 reddi

121 1629 270 1724 possint
293 1634 470 1721 rationes,
496 1651 609 1704 unam
635 1641 859 1728 praeoptant
877 1642 990 1729 etque
1009 1631 1203 1730 propriam

123 1757 161 1820 et
185 1751 426 1849 praeeipuam
451 1752 716 1846 mysteriorum
741 1749 892 1826 laudem
918 1753 959 1826 in
983 1762 1201 1852 praesepto-

121 1889 209 1943 rnm
231 1870 452 1946 sdnmrium
477 1869 679 1945 traditione
704 1873 871 1970 positam
893 1893 978 1948 esse
1001 1874 1107 1971 quasi
1131 1893 1202 1947 suo

118 1989 207 2084 jure
238 2002 402 2066 sumunt
449 1991 514 2065 Ex
535 1991 666 2066 ueteris
691 1985 915 2065 testimoniis
941 1989 992 2065 ad
1016 1993 1204 2068 summam

123 2111 353 2207 quaestionis
391 2110 486 2185 nihil
525 2109 749 2209 proficimus.
812 2108 910 2184 Nam
942 2108 1032 2208 quid
1064 2110 1204 2184 initiati
1302 2149 1305 2152 ·

122 2251 192 2329 pro
227 2254 270 2305 so
300 2232 456 2330 quisque
488 2228 538 2304 de
568 2251 759 2304 sacrorum
784 2230 925 2304 rituum
942 2239 989 2302 'et
1012 2227 1203 2324 symbolo·

122 2374 209 2427 rum
244 2352 510 2449 ngnmesdene
542 2352 721 2452 suspicati
753 2352 830 2426 sint
860 2361 928 2449 aut
958 2348 1049 2449 quid
1076 2370 1202 2426 saeor-

122 2472 232 2549 dota
265 2484 352 2547 ante
384 2482 424 2546 et
453 2484 541 2570 post
569 2484 721 2573 peraeta
751 2452 934 2547 solemnia
961 2493 1046 2546 eum
1074 2471 1204 2570 nospi-

122 2593 228 2668 tibus
273 2594 534 2685 disseruerint,
585 2606 652 2668 aut
690 2595 956 2688 mysteriorum
995 2592 1203 2668 trivialium

121 2716 294 2811 magistri
319 2736 411 2813 quas
437 2712 554 2812 dapes
568 2714 730 2815 ,asseclis
756 2717 834 2789 suis
854 2714 1109 2814 apposuerint,
1133 2734 1204 2788 nee
1341 2704 1344 2709 ’

121 2838 213 2921 seiri
245 2846 388 2935 potest,
420 2858 489 2908 neo
521 2857 697 2933 quaerere
727 2846 849 2911 vacat
914 2833 958 2908 ld
993 2830 1093 2908 enim
1124 2844 1203 2908 tam

122 2957 293 3047 varium,
324 2957 538 3030 inconstans
569 2967 608 3031 et
639 2955 820 3030 mutabile
850 2956 941 3046 fuit,
982 2977 1092 3054 quam
1123 2965 1205 3029 erat

121 3081 211 3177 ipsa
249 3078 444 3151 hominum
484 3077 660 3153 voluntas
699 3090 738 3150 et
777 3089 988 3177 temporum
1028 3076 1125 3148 ratio
1166 3084 1205 3149 et

122 3193 379 3271 doetrinormn
404 3199 573 3272 omniurn
595 3198 854 3299 imprimisque
876 3194 1176 3297 philosophiae
1163 3218 1203 3270 rn

87 3333 90 3337 ’
124 3337 273 3413 (proque
310 3328 434 3392 aetate
471 3317 620 3394 habitus
653 3331 692 3393 et
724 3319 836 3392 eolor
899 3315 979 3391 Nos
1013 3317 1203 3393 enimvero

127 3447 266 3511 eumn
299 3449 340 3511 et
371 3449 599 3515 eonstantem
634 3438 852 3539 disciplinae
883 3460 1038 3513 areanae
1061 3437 1204 3512 formu·

123 3554 207 3630 lam
237 3563 451 3657 quaerimus
487 3564 578 3640 n've
602 3559 787 3636 monent
817 3561 1012 3634 hominurn
1039 3557 1205 3633 emtodi-

126 3688 207 3752 tarn
232 3681 334 3773 sive,
367 3682 468 3781 quod
492 3681 713 3783 optabilius,
740 3704 787 3754 ex
811 3692 998 3758 vetustate
1022 3679 1204 3754 librorum

124 3797 414 3878 saeerdotolium
440 3802 692 3904 depromam,
718 3814 816 3876 eerte
841 3801 992 3900 quidem
1019 3807 1204 3874 exemtam

122 3919 173 3995 dr
208 3918 549 4023 Hierephantarnm
582 3923 747 4016 arbitrio,
790 3922 1013 4023 publicaque
1045 3916 1204 3993 anctori-

125 4054 206 4117 m
231 4045 422 4123 mutans.
474 4044 552 4123 Sed
576 4046 663 4122 talis
689 4043 884 4134 formulae,
909 4045 941 4117 si
968 4041 1097 4118 omnia
1119 4060 1202 4140 per·
