2909 4825
358 261 369 288 ·
529 279 802 334 onrnrca.
1123 232 1226 337 700¹

129 457 258 526 cosa,
284 436 363 509 clre
390 431 630 508 Clemente
654 432 994 511 Alessandrlno
1026 435 1102 509 uel
1128 435 1200 510 de·

128 559 338 632 scrivere
379 551 542 628 ciochb
576 553 616 626 si
648 565 877 628 conteneo
909 556 1036 630 nelle
1070 560 1199 650 cisto,

128 678 307 758 chiama
332 672 572 773 piramide.
598 671 698 747 Hinc
723 673 863 773 duplex
882 677 1091 772 conjectura
1112 676 1199 750 duci

128 797 283 894 peterit,
322 793 392 867 lroc
425 813 506 865 esse
542 804 609 865 aut
643 793 764 868 cordis
797 796 1015 891 Dionysiaci
1049 798 1198 871 simula·
1279 819 1286 823 ·

26 975 29 980 .
129 939 230 990 mum
262 926 328 988 aut
352 912 558 1009 placentam
585 934 755 1003 sacram,
774 915 821 988 de
846 939 919 1014 qua
944 914 1115 991 Clemens
1141 918 1196 990 lo·
1321 935 1323 940 ’

66 1061 70 1066 ·
128 1038 268 1134 quitur,
298 1055 384 1107 aere
410 1025 575 1106 effictam.
627 1033 725 1125 Sed,
752 1034 852 1133 quod
879 1036 1025 1111 adhoc
1050 1038 1195 1127 attinet,

125 1177 260 1255 parum
293 1151 469 1226 credibile
500 1153 662 1228 videtur.
675 1179 721 1229 ex
747 1166 827 1230 toto
853 1180 1009 1231 numero
1035 1158 1213 1268 liborum]
1362 1183 1366 1192 ·

129 1297 239 1350 unam
273 1273 507 1373 pyramidem
541 1275 695 1349 electam
722 1299 822 1367 esse,
855 1279 958 1376 cujus
984 1275 1119 1373 effigies
1145 1279 1192 1351 ci·
1324 1289 1326 1302 '

127 1407 207 1470 stae
240 1396 419 1489 mysticae
443 1393 650 1486 inderetur3
688 1394 823 1470 deinde
847 1399 1045 1487 incertum,
1071 1411 1195 1471 utrum

128 1516 333 1618 πυραμίδες
373 1514 460 1586 illae
502 1537 525 1587 a
564 1515 706 1606 forma,
747 1528 790 1589 ut
824 1518 920 1590 tiara
952 1515 1194 1615 turbinata[·]

128 1658 264 1711 mmen
302 1634 464 1707 babeant
504 1657 570 1725 an,
623 1648 665 1708 ut
698 1636 924 1735 σησαμίδες,
968 1660 998 1710 a
1018 1627 1216 1711 materia'

128 1757 256 1831 Priori
280 1756 511 1850 conjecturas
527 1756 763 1851 suffragatur
788 1756 947 1830 Hermes
973 1757 1064 1830 Pim.
1089 1756 1133 1832 V.
1160 1754 1193 1857 ξ.

127 1879 163 1953 b.
196 1876 253 1950 ed
279 1863 399 1949 brar.
424 1876 586 1974 καρδίαν
611 1899 749 1950 vocans
774 1877 1004 1977 πυραμοειδῆ
1029 1889 1067 1951 et
1092 1879 1196 1953 favet

127 2000 309 2084 Firmieus
345 2018 409 2069 cor
433 1994 567 2069 Bacchi
591 1998 631 2069 in
655 1996 883 2070 solemnibus
909 1997 1118 2071 'l'rietericis
1144 1999 1194 2071 ci·

105 2117 187 2194 ata
217 2116 396 2217 praeferri
428 2114 595 2208 tradens;
628 2116 707 2190 sed‘
720 2116 761 2189 id
786 2115 900 2191 modo
926 2118 1101 2192 hactenus
1127 2140 1193 2191 va·

85 2307 86 2316 ,
128 2241 181 2313 let
220 2251 264 2311 ut
302 2238 442 2334 pdsma
482 2235 577 2309 illud
611 2236 890 2310 Praenestinum
923 2240 1010 2339 (nisi
1045 2237 1193 2336 phallus

130 2361 201 2459 est)
234 2356 323 2456 quid
355 2355 427 2430 sibi
459 2357 570 2446 velit,
603 2356 735 2431 melius
767 2360 1050 2456 perspiciamus3
1082 2380 1193 2457 pyra-

86 2532 92 2543 ·
129 2479 269 2554 miderb
302 2501 325 2550 a
358 2474 546 2551 Clemente
577 2490 820 2551 memoratam
852 2485 1012 2575 prorsus
1038 2502 1084 2552 ex
1101 2480 1193 2552 ‘alio

129 2622 262 2698 genere
294 2619 418 2671 rerum
441 2619 538 2687 esse,
565 2622 612 2672 ex
637 2599 719 2671 loco
745 2600 848 2696 ipso,
875 2622 921 2671 ex
946 2598 1130 2694 adjunctis
1156 2607 1194 2670 et

130 2717 432 2819 praecedentibus
473 2717 632 2792 dilucide
673 2732 839 2818 apparet.
898 2719 1061 2793 Primum
1095 2719 1193 2791 enim

131 2836 336 2937 crepundia
375 2851 582 2930 enumerat,
630 2838 763 2936 quibus
802 2839 959 2935 Zagreus
998 2838 1193 2913 infantiam

131 2979 236 3032 suam
283 2957 550 3048 oblectaverat,
598 2958 733 3031 deinde
780 2962 904 3034 varias
944 2960 1194 3058 placentarum

130 3079 291 3176 species,
329 3100 419 3173 quas
446 3073 731 3170 chrysostomus
757 3101 901 3176 quoque
925 3078 982 3150 illi
1006 3076 1195 3151 illecebra·

129 3221 212 3272 rum
246 3186 444 3294 puerilium
475 3198 599 3292 generi
632 3196 799 3291 adjungit
829 3198 869 3270 in
902 3195 964 3268 Or.
996 3195 1081 3270 adv.
1114 3195 1194 3270 lnd.

129 3321 159 3391 1.
200 3341 236 3414 p.
271 3315 357 3390 599.
388 3316 429 3390 B.
469 3321 505 3395 οἱ
545 3316 842 3416 ἀνδραποδισταὶ
880 3315 1101 3420 τραγήματα
1133 3320 1196 3394 καὶ

131 3446 365 3522 πλακοῦντας
396 3437 461 3515 καὶ
492 3433 750 3540 ἀστραγάλους
773 3444 852 3533 τοῖς
874 3414 1027 3539 ὁμικροῖς
1051 3467 1195 3539 προτει-

130 3557 283 3656 copon
308 3557 468 3643 παιδίοις
492 3566 557 3653 τῆς
583 3555 796 3657 ἐλευθερίας
815 3559 1070 3661 ἀποστεροῦσι.
1097 3553 1216 3652 unde

134 3699 237 3752 nova
262 3677 518 3774 quaestionum
550 3676 663 3749 series
696 3677 833 3767 oritur,
866 3689 991 3751 utrum
1021 3676 1088 3749 illa
1119 3675 1199 3748 bel-

131 3796 225 3868 laria
262 3796 384 3870 locum
427 3817 554 3869 eorum
597 3794 822 3870 obfflruerint
859 3797 994 3895 quibus
1035 3797 1196 3868 miserri-

133 3938 215 3991 mus
256 3937 349 4014 puer
392 3915 647 3989 deludificatust
681 3927 739 3990 est
771 3939 837 4006 an,
879 3931 921 3987 ut
953 3916 1027 3987 alia
1059 3913 1196 3989 dulcia·

204 4069 246 4140 [θ]
266 4087 291 4126 r.
311 4070 354 4124 Du
372 4070 454 4139 cong.
474 4070 561 4125 Glors.
581 4068 614 4122 Τ.
632 4070 652 4123 1.
672 4068 788 4140 p.1275.
812 4070 847 4121 G.
862 4068 957 4139 Caper.
973 4068 1082 4123 observ.
1095 4085 1119 4138 p.
1132 4066 1192 4121 290.
