2909 4825
449 257 797 322 annuamus
1086 257 1164 334 187

75 423 157 497 bus
184 423 350 521 sequitur
375 435 626 498 commentum
640 422 689 499 de
714 436 933 522 mystagogo
958 430 1162 509 initiandos

76 541 133 616 ad
156 542 421 639 jusjurandum
446 543 616 639 adigente
629 542 686 644 ffl,
710 548 752 619 in
776 568 849 645 quo
876 549 994 623 utitur
1006 552 1160 629 Firmici

1 731 9 746 ,
77 667 324 738 anctorimte:
351 660 492 751 Quum
519 663 732 764 Orpheus
758 667 1160 760 ignotishomini-

77 786 173 859 bus
198 804 432 858 sacrorum
448 785 730 858 cerimonias
758 788 987 881 aperiret,
1013 792 1160 885 abiis,

76 926 203 1004 qnos
236 902 494 993 initiabat,
516 905 642 1000 Juris
668 902 864 999 jurandi
895 914 1158 988 necessita-

77 1040 181 1098 tem
208 1025 382 1119 exegit,
416 1046 471 1096 ne
496 1024 714 1123 proianis
741 1024 934 1100 auribus
961 1073 1012 1093 -η-
1044 1034 1158 1108 reli.

78 1146 243 1242 gionis
279 1155 462 1217 secreta
500 1143 816 1243 proderentur
848 1143 891 1217 L.
917 1145 997 1224 vn
1036 1152 1160 1228 Praei.

79 1291 120 1366 p.
149 1264 239 1339 493.
289 1264 434 1358 Mystes
450 1264 661 1339 Eleusinios
682 1267 768 1361 jure
787 1264 949 1360 jurando
962 1268 1160 1349 devinctos

80 1409 169 1459 esse
195 1406 309 1481 quum
334 1385 458 1458 nullus
472 1396 641 1460 veterum
656 1385 883 1483 prodiderit,
906 1388 1085 1485 Firmino,
1110 1420 1178 1470 ne·

78 1509 115 1580 si
143 1504 283 1578 diceret
303 1504 473 1603 quidem,
497 1503 739 1579 crederemus
790 1506 868 1580 Sed
887 1531 982 1607 quae
1006 1514 1159 1591 tandem

77 1628 181 1701 ratio
207 1637 265 1699 est
289 1623 340 1699 ad
364 1626 575 1700 Eleusinios
600 1626 799 1700 transferre
824 1647 918 1726 quae
944 1629 991 1705 de
1007 1627 1160 1733 Orpheo

79 1747 187 1822 dieta
213 1757 316 1836 sunt,
343 1758 399 1835 et,
426 1765 540 1842 qtrum
559 1747 744 1820 Firminus
768 1748 911 1826 nulium
937 1775 1050 1847 genus
1064 1780 1159 1853 my.

80 1848 282 1944 steriorum
295 1867 515 1945 nominatim
531 1864 792 1962 designaverit,
809 1877 1031 1947 veteratorie
1043 1875 1157 1954 Eien-

80 1991 181 2063 sinia
198 1986 442 2077 substituere,
469 2009 562 2085 qnae
580 1987 644 2060 ille
662 1988 866 2064 mutorum
889 1995 1155 2086 mysteriorum

82 2108 255 2184 conditor
279 2129 355 2181 non
380 2105 568 2195 condidit,
601 2108 634 2179 si
659 2118 828 2183 vetemm
853 2109 1003 2206 quidem
1031 2132 1157 2192 anme-

82 2235 195 2304 ritate
219 2240 361 2302 starum
388 2239 427 2300 et
441 2226 544 2302 fama
565 2228 751 2302 communi
760 2225 817 2327 [‘].
870 2228 980 2319 Quod
994 2241 1158 2334 septimo

83 2353 166 2425 ioco
192 2350 363 2437 effertur,
397 2369 513 2421 unum
548 2369 570 2418 e
600 2349 781 2422 ministris
813 2367 951 2426 nomen
981 2355 1157 2434 habrdsse

84 2472 291 2567 mystagogi
298 2470 359 2568 [Ε]
388 2480 425 2541 et
439 2468 536 2541 huno
550 2479 694 2562 mystas
713 2467 952 2547 admonuisse
972 2488 1015 2550 ut
1027 2502 1156 2574 graece

84 2594 320 2690 loquerentur
341 2612 437 2666 neve
449 2588 638 2699 inermem
655 2589 880 2684 occiderent,
908 2607 944 2667 et
957 2597 1157 2676 hocfuisse

83 2716 126 2786 in
156 2710 372 2813 minusculis
403 2710 591 2803 mysteriis
623 2713 905 2806 pronuntiatum
937 2709 1190 2818 etquidem,

84 2836 127 2907 in
151 2834 224 2904 fine
250 2831 445 2919 orationis,
479 2851 524 2902 ea
547 2830 674 2903 omnia
700 2830 920 2908 Sanorucius
944 2839 1049 2937 apud
1064 2846 1156 2917 nui.

84 2954 164 3026 inm
198 2961 368 3028 vetemm
401 2950 490 3045 legit
521 2947 588 3023 sed
620 2971 690 3048 pro
732 2973 774 3024 se
805 2955 888 3051 ipse
924 2978 1156 3040 commentum
1281 2964 1288 2977 ’

85 3085 152 3146 est
203 3070 254 3144 Et
283 3081 327 3143 ut
350 3080 521 3144 extrema
543 3071 660 3143 nudis
685 3071 972 3170 responderent,
1007 3082 1156 3159 libanii

85 3194 226 3281 locum,
252 3212 361 3289 quem
386 3192 558 3288 proximo
583 3190 667 3263 loeo
693 3193 967 3288 enarrabimus,
993 3203 1047 3276 sic
1072 3229 1156 3305 per.

84 3315 217 3401 vertit,
244 3320 287 3384 ut
311 3333 429 3409 neque
454 3333 521 3411 pes
546 3333 664 3408 neque
688 3313 780 3386 vola
805 3333 1026 3415 compareat

156 3512 193 3585 [f]
219 3515 388 3568 Senatorium
414 3515 710 3585 sequensBoettigerns
735 3516 1072 3597 Konstmythoiogie
1096 3530 1154 3582 des

89 3586 177 3640 Zeus
197 3602 223 3655 p.
241 3580 284 3637 44.
305 3586 490 3655 „Ohnstreitig
512 3586 620 3639 murder
641 3586 684 3638 die
707 3587 735 3639 in
757 3587 800 3640 die
817 3590 1013 3648 Eleusinischen
1031 3598 1153 3652 Gebeim·

56 3666 59 3671 '
89 3655 430 3780 „ffiffieinznweihenden
461 3656 542 3709 durch
570 3655 613 3709 die
641 3656 869 3714 firchterlichsten
900 3664 968 3719 Eide
989 3669 1154 3736 gebnnden.“

156 3827 562 3900 manuascae

42 3926 46 3935 “
126 4003 133 4020 .
156 3933 214 4020 [ss]
233 3933 362 3987 Baehrius
379 3934 413 3987 ad
426 3934 496 3987 Plnt
509 3935 592 3989 stein
605 3955 636 4023 P’.
646 3936 707 3991 24⁸.
720 3941 912 4031 Memayoyis
922 3943 1044 4028 „estin
1056 3944 1154 4009 Eten-

90 4021 210 4070 „ornus
227 4021 369 4058 summus
386 4003 562 4070 sacerdos,
579 4023 638 4075 qur
655 4008 851 4080 pierumque
871 4018 1094 4084 Ιεροφαντου
1111 4019 1153 4071 vel

91 4070 301 4147 „Hporpoisoo
327 4076 460 4130 nomine
476 4077 703 4146 consignatur
721 4081 807 4134 beno
835 4090 989 4137 monente
1006 4085 1153 4141 Crenas·
