<?xml version="1.0" encoding="UTF-8"?>
<!DOCTYPE html PUBLIC "-//W3C//DTD XHTML 1.0 Transitional//EN"
    "http://www.w3.org/TR/xhtml1/DTD/xhtml1-transitional.dtd">
<html xmlns="http://www.w3.org/1999/xhtml" xml:lang="en" lang="en">
 <head>
  <title>
</title>
<meta http-equiv="Content-Type" content="text/html;charset=utf-8" />
  <meta name='ocr-system' content='tesseract 3.04.00' />
  <meta name='ocr-capabilities' content='ocr_page ocr_carea ocr_par ocr_line ocrx_word'/>
</head>
<body>
  <div class='ocr_page' id='page_1' title='image "aglaophamussive04lobegoog_0439.png"; bbox 0 0 2909 4825; ppageno 0'>
   <div class='ocr_carea' id='block_1_1' title="bbox 163 233 1246 638">
    <p class='ocr_par' dir='ltr' id='par_1_1' title="bbox 163 233 1246 638">
     <span class='ocr_line' id='line_1_1' title="bbox 569 233 1246 321; baseline -0.012 -7"><span class='ocrx_word' id='word_1_1' title='bbox 569 262 597 314; x_wconf 93' lang='lat' dir='ltr'><strong>o</strong></span> <span class='ocrx_word' id='word_1_2' title='bbox 613 259 639 314; x_wconf 86' lang='grc' dir='ltr'><strong>ιι</strong></span> <span class='ocrx_word' id='word_1_3' title='bbox 654 258 679 313; x_wconf 81' lang='lat' dir='ltr'><strong>e</strong></span> <span class='ocrx_word' id='word_1_4' title='bbox 694 257 722 312; x_wconf 83' lang='lat' dir='ltr'><strong>s</strong></span> <span class='ocrx_word' id='word_1_5' title='bbox 739 233 797 313; x_wconf 70' lang='lat' dir='ltr'><strong>so</strong></span> <span class='ocrx_word' id='word_1_6' title='bbox 814 265 846 312; x_wconf 77' lang='grc' dir='ltr'><strong>ι.</strong></span> <span class='ocrx_word' id='word_1_7' title='bbox 1168 245 1246 321; x_wconf 75' lang='lat'><strong>435</strong></span> 
     </span>
     <span class='ocr_line' id='line_1_2' title="bbox 163 399 1246 514; baseline 0 -20"><span class='ocrx_word' id='word_1_8' title='bbox 163 417 361 494; x_wconf 71' lang='lat' dir='ltr'><strong>Minervae</strong></span> <span class='ocrx_word' id='word_1_9' title='bbox 386 415 488 491; x_wconf 82' lang='lat' dir='ltr'><strong>diem</strong></span> <span class='ocrx_word' id='word_1_10' title='bbox 514 416 687 504; x_wconf 82' lang='lat' dir='ltr'><strong>tertium,</strong></span> <span class='ocrx_word' id='word_1_11' title='bbox 721 417 811 514; x_wconf 86' lang='lat' dir='ltr'><strong>qnia</strong></span> <span class='ocrx_word' id='word_1_12' title='bbox 835 399 1094 492; x_wconf 72' lang='lat' dir='ltr'><strong>Panathenaea</strong></span> <span class='ocrx_word' id='word_1_13' title='bbox 1118 423 1246 494; x_wconf 83' lang='lat' dir='ltr'><strong>mense</strong></span> 
     </span>
     <span class='ocr_line' id='line_1_3' title="bbox 164 534 1245 638; baseline -0.009 -24"><span class='ocrx_word' id='word_1_14' title='bbox 164 537 513 628; x_wconf 77' lang='lat' dir='ltr'><strong>Heoetombeeoue‚</strong></span> <span class='ocrx_word' id='word_1_15' title='bbox 540 550 585 612; x_wconf 87' lang='lat' dir='ltr'><strong>ut</strong></span> <span class='ocrx_word' id='word_1_16' title='bbox 609 534 789 610; x_wconf 88' lang='lat' dir='ltr'><strong>Proculus</strong></span> <span class='ocrx_word' id='word_1_17' title='bbox 814 534 925 626; x_wconf 84' lang='lat' dir='ltr'><strong>dicit,</strong></span> <span class='ocrx_word' id='word_1_18' title='bbox 951 546 997 636; x_wconf 77' lang='grc' dir='ltr'><strong>τῇ</strong></span> <span class='ocrx_word' id='word_1_19' title='bbox 1024 538 1132 638; x_wconf 68' lang='grc' dir='ltr'><strong><em>τρίτῃ</em></strong></span> <span class='ocrx_word' id='word_1_20' title='bbox 1158 542 1245 617; x_wconf 63' lang='lat' dir='ltr'><strong>dm.</strong></span> 
     </span>
    </p>
   </div>
   <div class='ocr_carea' id='block_1_2' title="bbox 106 650 1246 881">
    <p class='ocr_par' dir='ltr' id='par_1_2' title="bbox 106 650 1246 881">
     <span class='ocr_line' id='line_1_4' title="bbox 165 650 1246 760; baseline -0.002 -21"><span class='ocrx_word' id='word_1_21' title='bbox 165 658 277 747; x_wconf 75' lang='grc' dir='ltr'><strong><em>ὄντος</em></strong></span> <span class='ocrx_word' id='word_1_22' title='bbox 301 650 677 756; x_wconf 68' lang='lat' dir='ltr'><strong>imtaurebunturl⁵]‚</strong></span> <span class='ocrx_word' id='word_1_23' title='bbox 702 674 932 755; x_wconf 86' lang='lat' dir='ltr'><strong>quapropter</strong></span> <span class='ocrx_word' id='word_1_24' title='bbox 950 668 1086 758; x_wconf 78' lang='grc' dir='ltr'><strong><em>μηνῶν</em></strong></span> <span class='ocrx_word' id='word_1_25' title='bbox 1104 660 1246 760; x_wconf 72' lang='grc' dir='ltr'><strong><em>φθινά-</em></strong></span> 
     </span>
     <span class='ocr_line' id='line_1_5' title="bbox 106 776 1246 881; baseline -0.007 -20"><span class='ocrx_word' id='word_1_26' title='bbox 106 823 112 840; x_wconf 61' lang='grc'><strong>»</strong></span> <span class='ocrx_word' id='word_1_27' title='bbox 166 782 231 867; x_wconf 73' lang='grc' dir='ltr'><strong>δας</strong></span> <span class='ocrx_word' id='word_1_28' title='bbox 255 781 391 881; x_wconf 79' lang='grc' dir='ltr'><em>ἡμέραι</em></span> <span class='ocrx_word' id='word_1_29' title='bbox 416 777 504 852; x_wconf 80' lang='lat' dir='ltr'><strong>lruic</strong></span> <span class='ocrx_word' id='word_1_30' title='bbox 529 776 622 852; x_wconf 87' lang='lat' dir='ltr'><strong>deae</strong></span> <span class='ocrx_word' id='word_1_31' title='bbox 648 798 776 850; x_wconf 72' lang='lat' dir='ltr'><strong>sanae</strong></span> <span class='ocrx_word' id='word_1_32' title='bbox 797 789 980 851; x_wconf 86' lang='lat' dir='ltr'><strong>vocantur</strong></span> <span class='ocrx_word' id='word_1_33' title='bbox 994 778 1084 853; x_wconf 86' lang='lat' dir='ltr'><strong>Eur.</strong></span> <span class='ocrx_word' id='word_1_34' title='bbox 1098 779 1246 855; x_wconf 88' lang='lat' dir='ltr'><strong>Hersol.</strong></span> 
     </span>
    </p>
   </div>
   <div class='ocr_carea' id='block_1_3' title="bbox 165 896 1380 1000">
    <p class='ocr_par' dir='ltr' id='par_1_3' title="bbox 165 896 1380 1000">
     <span class='ocr_line' id='line_1_6' title="bbox 165 896 1380 1000; baseline -0.016 -25"><span class='ocrx_word' id='word_1_35' title='bbox 165 902 255 976; x_wconf 94' lang='grc'><strong>779.</strong></span> <span class='ocrx_word' id='word_1_36' title='bbox 307 899 653 975; x_wconf 83' lang='lat' dir='ltr'><strong>Panathenacorom</strong></span> <span class='ocrx_word' id='word_1_37' title='bbox 680 901 807 971; x_wconf 85' lang='lat' dir='ltr'><strong>autem</strong></span> <span class='ocrx_word' id='word_1_38' title='bbox 834 896 914 971; x_wconf 89' lang='lat' dir='ltr'><strong>dies</strong></span> <span class='ocrx_word' id='word_1_39' title='bbox 941 900 1158 1000; x_wconf 63' lang='lat' dir='ltr'><strong>principalis</strong></span> <span class='ocrx_word' id='word_1_40' title='bbox 1190 899 1247 974; x_wconf 66' lang='lat' dir='ltr'><strong>dt.</strong></span> <span class='ocrx_word' id='word_1_41' title='bbox 1370 911 1380 992; x_wconf 35' lang='grc' dir='ltr'>ζ</span> 
     </span>
    </p>
   </div>
   <div class='ocr_carea' id='block_1_4' title="bbox 76 1016 1247 1578">
    <p class='ocr_par' dir='ltr' id='par_1_4' title="bbox 76 1016 1247 1578">
     <span class='ocr_line' id='line_1_7' title="bbox 167 1016 1247 1116; baseline 0 -21"><span class='ocrx_word' id='word_1_42' title='bbox 167 1023 263 1095; x_wconf 85' lang='lat' dir='ltr'><strong>citur</strong></span> <span class='ocrx_word' id='word_1_43' title='bbox 297 1023 496 1107; x_wconf 76' lang='grc' dir='ltr'><strong><em>Γενέθλιος</em></strong></span> <span class='ocrx_word' id='word_1_44' title='bbox 525 1022 689 1116; x_wconf 77' lang='grc' dir='ltr'><strong><em>Ἀθηνᾶς</em></strong></span> <span class='ocrx_word' id='word_1_45' title='bbox 722 1016 855 1091; x_wconf 77' lang='lat' dir='ltr'><strong>Athen.</strong></span> <span class='ocrx_word' id='word_1_46' title='bbox 881 1019 947 1092; x_wconf 87' lang='lat'><strong>111.</strong></span> <span class='ocrx_word' id='word_1_47' title='bbox 979 1021 1040 1095; x_wconf 80' lang='grc'><strong>98.</strong></span> <span class='ocrx_word' id='word_1_48' title='bbox 1074 1020 1116 1094; x_wconf 90' lang='grc' dir='ltr'><strong>Β.</strong></span> <span class='ocrx_word' id='word_1_49' title='bbox 1149 1022 1247 1094; x_wconf 82' lang='lat' dir='ltr'><strong>siem</strong></span> 
     </span>
     <span class='ocr_line' id='line_1_8' title="bbox 76 1138 1245 1246; baseline 0.002 -32"><span class='ocrx_word' id='word_1_50' title='bbox 76 1239 79 1246; x_wconf 7' lang='grc' dir='ltr'><strong><em>ξ</em></strong></span> <span class='ocrx_word' id='word_1_51' title='bbox 167 1140 336 1216; x_wconf 73' lang='lat' dir='ltr'><strong>Vestalis</strong></span> <span class='ocrx_word' id='word_1_52' title='bbox 364 1141 508 1228; x_wconf 80' lang='grc' dir='ltr'><em>Ἑστίας</em></span> <span class='ocrx_word' id='word_1_53' title='bbox 542 1138 824 1243; x_wconf 75' lang='grc' dir='ltr'><strong><em>Πρυτανίτιδος</em></strong></span> <span class='ocrx_word' id='word_1_54' title='bbox 855 1142 1031 1244; x_wconf 72' lang='grc' dir='ltr'><strong><em>γενέθλια</em></strong></span> <span class='ocrx_word' id='word_1_55' title='bbox 1063 1141 1126 1216; x_wconf 73' lang='lat' dir='ltr'><strong>lv.</strong></span> <span class='ocrx_word' id='word_1_56' title='bbox 1161 1139 1245 1216; x_wconf 85' lang='lat'><strong>150.</strong></span> 
     </span>
     <span class='ocr_line' id='line_1_9' title="bbox 165 1261 1245 1365; baseline -0.005 -25"><span class='ocrx_word' id='word_1_57' title='bbox 165 1262 215 1340; x_wconf 83' lang='lat' dir='ltr'><strong>D.</strong></span> <span class='ocrx_word' id='word_1_58' title='bbox 267 1263 416 1337; x_wconf 77' lang='lat' dir='ltr'><strong>Dianae</strong></span> <span class='ocrx_word' id='word_1_59' title='bbox 441 1262 624 1338; x_wconf 72' lang='lat' dir='ltr'><strong>solemnia</strong></span> <span class='ocrx_word' id='word_1_60' title='bbox 657 1262 834 1365; x_wconf 70' lang='grc' dir='ltr'><strong><em>γενέθλια</em></strong></span> <span class='ocrx_word' id='word_1_61' title='bbox 865 1261 1075 1362; x_wconf 77' lang='grc' dir='ltr'><strong><em>Ἀρτέμιδος</em></strong></span> <span class='ocrx_word' id='word_1_62' title='bbox 1099 1263 1245 1337; x_wconf 81' lang='lat' dir='ltr'><strong>Arriun.</strong></span> 
     </span>
     <span class='ocr_line' id='line_1_10' title="bbox 167 1380 1246 1456; baseline 0 -1"><span class='ocrx_word' id='word_1_63' title='bbox 167 1382 216 1456; x_wconf 91' lang='lat' dir='ltr'><strong>de</strong></span> <span class='ocrx_word' id='word_1_64' title='bbox 242 1381 373 1455; x_wconf 82' lang='lat' dir='ltr'><strong>Venat</strong></span> <span class='ocrx_word' id='word_1_65' title='bbox 400 1407 430 1455; x_wconf 91' lang='lat' dir='ltr'><strong>c</strong></span> <span class='ocrx_word' id='word_1_66' title='bbox 455 1380 630 1456; x_wconf 81' lang='lat' dir='ltr'>XXXIV.</span> <span class='ocrx_word' id='word_1_67' title='bbox 656 1392 695 1453; x_wconf 89' lang='lat' dir='ltr'><strong>et</strong></span> <span class='ocrx_word' id='word_1_68' title='bbox 719 1380 892 1453; x_wconf 85' lang='lat' dir='ltr'><strong>similiter</strong></span> <span class='ocrx_word' id='word_1_69' title='bbox 924 1393 1131 1455; x_wconf 86' lang='lat' dir='ltr'><strong>ceterorum</strong></span> <span class='ocrx_word' id='word_1_70' title='bbox 1158 1381 1246 1456; x_wconf 89' lang='lat' dir='ltr'><strong>deo-</strong></span> 
     </span>
     <span class='ocr_line' id='line_1_11' title="bbox 168 1481 1246 1578; baseline -0.002 0"><span class='ocrx_word' id='word_1_71' title='bbox 168 1526 253 1578; x_wconf 85' lang='lat' dir='ltr'><strong>rum</strong></span> <span class='ocrx_word' id='word_1_72' title='bbox 280 1502 362 1577; x_wconf 89' lang='lat' dir='ltr'><strong>dies</strong></span> <span class='ocrx_word' id='word_1_73' title='bbox 386 1503 530 1577; x_wconf 87' lang='lat' dir='ltr'><strong>natales</strong></span> <span class='ocrx_word' id='word_1_74' title='bbox 564 1524 588 1574; x_wconf 84' lang='lat' dir='ltr'><strong>a</strong></span> <span class='ocrx_word' id='word_1_75' title='bbox 620 1501 773 1575; x_wconf 85' lang='lat' dir='ltr'><strong>Graecis</strong></span> <span class='ocrx_word' id='word_1_76' title='bbox 806 1481 1012 1576; x_wconf 83' lang='lat' dir='ltr'><strong>celebratos</strong></span> <span class='ocrx_word' id='word_1_77' title='bbox 1045 1525 1126 1577; x_wconf 87' lang='lat' dir='ltr'><strong>esse</strong></span> <span class='ocrx_word' id='word_1_78' title='bbox 1159 1526 1246 1577; x_wconf 91' lang='lat' dir='ltr'><strong>con-</strong></span> 
     </span>
    </p>
   </div>
   <div class='ocr_carea' id='block_1_5' title="bbox 14 1621 1247 1722">
    <p class='ocr_par' dir='ltr' id='par_1_5' title="bbox 14 1621 1247 1722">
     <span class='ocr_line' id='line_1_12' title="bbox 14 1621 1247 1722; baseline -0.001 -24"><span class='ocrx_word' id='word_1_79' title='bbox 14 1669 18 1680; x_wconf 48' lang='grc' dir='ltr'><strong><em>ι</em></strong></span> <span class='ocrx_word' id='word_1_80' title='bbox 167 1622 273 1698; x_wconf 90' lang='lat' dir='ltr'><strong>tendi</strong></span> <span class='ocrx_word' id='word_1_81' title='bbox 298 1633 442 1722; x_wconf 89' lang='lat' dir='ltr'><strong>potest,</strong></span> <span class='ocrx_word' id='word_1_82' title='bbox 484 1644 694 1721; x_wconf 81' lang='lat' dir='ltr'><strong>quanquam</strong></span> <span class='ocrx_word' id='word_1_83' title='bbox 728 1621 868 1695; x_wconf 84' lang='lat' dir='ltr'><strong>indicia</strong></span> <span class='ocrx_word' id='word_1_84' title='bbox 887 1645 968 1695; x_wconf 60' lang='lat' dir='ltr'><strong>‘nec</strong></span> <span class='ocrx_word' id='word_1_85' title='bbox 1000 1623 1128 1696; x_wconf 85' lang='lat' dir='ltr'><strong>crebra</strong></span> <span class='ocrx_word' id='word_1_86' title='bbox 1159 1634 1247 1697; x_wconf 88' lang='lat' dir='ltr'><strong>sunt</strong></span> 
     </span>
    </p>
   </div>
   <div class='ocr_carea' id='block_1_6' title="bbox 160 1741 1346 4010">
    <p class='ocr_par' dir='ltr' id='par_1_6' title="bbox 160 1741 1346 4010">
     <span class='ocr_line' id='line_1_13' title="bbox 166 1741 1246 1842; baseline -0.001 -24"><span class='ocrx_word' id='word_1_87' title='bbox 166 1765 237 1818; x_wconf 91' lang='lat' dir='ltr'><strong>nec</strong></span> <span class='ocrx_word' id='word_1_88' title='bbox 270 1755 421 1842; x_wconf 85' lang='lat' dir='ltr'><strong>repertu</strong></span> <span class='ocrx_word' id='word_1_89' title='bbox 456 1743 590 1816; x_wconf 80' lang='lat' dir='ltr'><strong>facilia</strong></span> <span class='ocrx_word' id='word_1_90' title='bbox 641 1741 854 1816; x_wconf 79' lang='lat' dir='ltr'><strong>Alexander</strong></span> <span class='ocrx_word' id='word_1_91' title='bbox 885 1742 1053 1841; x_wconf 83' lang='lat' dir='ltr'><strong>Aphrod.</strong></span> <span class='ocrx_word' id='word_1_92' title='bbox 1086 1741 1135 1816; x_wconf 85' lang='lat' dir='ltr'><strong>ad</strong></span> <span class='ocrx_word' id='word_1_93' title='bbox 1166 1744 1246 1817; x_wconf 90' lang='lat' dir='ltr'><strong>Me·</strong></span> 
     </span>
     <span class='ocr_line' id='line_1_14' title="bbox 168 1847 1346 1966; baseline -0.003 -27"><span class='ocrx_word' id='word_1_94' title='bbox 168 1866 272 1966; x_wconf 73' lang='lat' dir='ltr'><strong>tuph.</strong></span> <span class='ocrx_word' id='word_1_95' title='bbox 296 1863 340 1938; x_wconf 86' lang='lat' dir='ltr'><strong>L.</strong></span> <span class='ocrx_word' id='word_1_96' title='bbox 366 1863 451 1939; x_wconf 86' lang='grc' dir='ltr'><strong>ΧΠ.</strong></span> <span class='ocrx_word' id='word_1_97' title='bbox 477 1864 539 1938; x_wconf 82' lang='grc'><strong>36.</strong></span> <span class='ocrx_word' id='word_1_98' title='bbox 566 1888 603 1964; x_wconf 85' lang='lat' dir='ltr'><strong>p.</strong></span> <span class='ocrx_word' id='word_1_99' title='bbox 633 1863 715 1938; x_wconf 90' lang='grc'><strong>199.</strong></span> <span class='ocrx_word' id='word_1_100' title='bbox 743 1862 779 1936; x_wconf 87' lang='lat' dir='ltr'><strong>b.</strong></span> <span class='ocrx_word' id='word_1_101' title='bbox 806 1865 901 1938; x_wconf 88' lang='lat' dir='ltr'><strong>viri</strong></span> <span class='ocrx_word' id='word_1_102' title='bbox 927 1847 1246 1963; x_wconf 83' lang='lat' dir='ltr'><strong>sapientes-</strong></span> <span class='ocrx_word' id='word_1_103' title='bbox 1313 1861 1316 1866; x_wconf 75' lang='grc'><strong>’</strong></span> <span class='ocrx_word' id='word_1_104' title='bbox 1343 1867 1346 1872; x_wconf 65' lang='grc'><em>“</em></span> 
     </span>
     <span class='ocr_line' id='line_1_15' title="bbox 168 1985 1246 2059; baseline -0.001 -1"><span class='ocrx_word' id='word_1_105' title='bbox 168 1996 434 2059; x_wconf 89' lang='lat' dir='ltr'><strong>conventus</strong></span> <span class='ocrx_word' id='word_1_106' title='bbox 468 1998 513 2059; x_wconf 92' lang='lat' dir='ltr'><strong>et</strong></span> <span class='ocrx_word' id='word_1_107' title='bbox 545 1985 955 2058; x_wconf 87' lang='lat' dir='ltr'><strong>commissatioues</strong></span> <span class='ocrx_word' id='word_1_108' title='bbox 990 1985 1246 2057; x_wconf 72' lang='lat' dir='ltr'><strong>instituere</strong></span> 
     </span>
     <span class='ocr_line' id='line_1_16' title="bbox 167 2101 1245 2196; baseline -0.002 -17"><span class='ocrx_word' id='word_1_109' title='bbox 167 2105 412 2196; x_wconf 88' lang='lat' dir='ltr'><strong>volentes,</strong></span> <span class='ocrx_word' id='word_1_110' title='bbox 439 2105 627 2179; x_wconf 82' lang='lat' dir='ltr'><strong>fabulas</strong></span> <span class='ocrx_word' id='word_1_111' title='bbox 654 2105 904 2177; x_wconf 81' lang='lat' dir='ltr'>commenti</span> <span class='ocrx_word' id='word_1_112' title='bbox 930 2116 1058 2192; x_wconf 87' lang='lat' dir='ltr'><strong>sunt,</strong></span> <span class='ocrx_word' id='word_1_113' title='bbox 1084 2101 1245 2179; x_wconf 86' lang='lat' dir='ltr'><strong>Jovem</strong></span> 
     </span>
     <span class='ocr_line' id='line_1_17' title="bbox 168 2222 1245 2324; baseline -0.001 -25"><span class='ocrx_word' id='word_1_114' title='bbox 168 2226 381 2324; x_wconf 83' lang='lat' dir='ltr'><strong>exempli</strong></span> <span class='ocrx_word' id='word_1_115' title='bbox 408 2249 548 2302; x_wconf 86' lang='lat' dir='ltr'><strong>causa</strong></span> <span class='ocrx_word' id='word_1_116' title='bbox 574 2249 628 2299; x_wconf 88' lang='lat' dir='ltr'><strong>ex</strong></span> <span class='ocrx_word' id='word_1_117' title='bbox 650 2225 777 2298; x_wconf 84' lang='lat' dir='ltr'><strong>Rhea</strong></span> <span class='ocrx_word' id='word_1_118' title='bbox 803 2222 943 2297; x_wconf 87' lang='lat' dir='ltr'><strong>hodie</strong></span> <span class='ocrx_word' id='word_1_119' title='bbox 968 2224 1120 2297; x_wconf 89' lang='lat' dir='ltr'><strong>iuisse</strong></span> <span class='ocrx_word' id='word_1_120' title='bbox 1144 2247 1245 2322; x_wconf 86' lang='lat' dir='ltr'><strong>pro-</strong></span> 
     </span>
     <span class='ocr_line' id='line_1_18' title="bbox 160 2337 1245 2445; baseline -0.001 -26"><span class='ocrx_word' id='word_1_121' title='bbox 160 2337 375 2443; x_wconf 70' lang='lat' dir='ltr'><strong>genitum</strong></span> <span class='ocrx_word' id='word_1_122' title='bbox 408 2369 460 2422; x_wconf 82' lang='lat' dir='ltr'><strong>cc</strong></span> <span class='ocrx_word' id='word_1_123' title='bbox 492 2345 674 2422; x_wconf 87' lang='lat' dir='ltr'><strong>idcirco</strong></span> <span class='ocrx_word' id='word_1_124' title='bbox 708 2346 835 2445; x_wconf 91' lang='lat' dir='ltr'><strong>pium</strong></span> <span class='ocrx_word' id='word_1_125' title='bbox 870 2367 971 2419; x_wconf 88' lang='lat' dir='ltr'><strong>esse</strong></span> <span class='ocrx_word' id='word_1_126' title='bbox 1005 2353 1055 2417; x_wconf 89' lang='lat' dir='ltr'><strong>ut</strong></span> <span class='ocrx_word' id='word_1_127' title='bbox 1089 2364 1245 2418; x_wconf 90' lang='lat' dir='ltr'><strong>omnes</strong></span> 
     </span>
     <span class='ocr_line' id='line_1_19' title="bbox 169 2460 1246 2567; baseline -0.002 -26"><span class='ocrx_word' id='word_1_128' title='bbox 169 2470 463 2543; x_wconf 86' lang='lat' dir='ltr'><strong>conveniau&#39;t</strong></span> <span class='ocrx_word' id='word_1_129' title='bbox 498 2467 665 2567; x_wconf 88' lang='lat' dir='ltr'><strong>deique</strong></span> <span class='ocrx_word' id='word_1_130' title='bbox 701 2467 906 2541; x_wconf 90' lang='lat' dir='ltr'><strong>natalem</strong></span> <span class='ocrx_word' id='word_1_131' title='bbox 947 2460 1069 2538; x_wconf 91' lang='lat' dir='ltr'><strong>diem</strong></span> <span class='ocrx_word' id='word_1_132' title='bbox 1107 2478 1246 2559; x_wconf 81' lang='lat' dir='ltr'><strong>agant</strong></span> 
     </span>
     <span class='ocr_line' id='line_1_20' title="bbox 168 2585 1301 2689; baseline -0.003 -27"><span class='ocrx_word' id='word_1_133' title='bbox 168 2601 311 2686; x_wconf 89' lang='lat' dir='ltr'><strong>atque</strong></span> <span class='ocrx_word' id='word_1_134' title='bbox 336 2591 478 2663; x_wconf 88' lang='lat' dir='ltr'><strong>simul</strong></span> <span class='ocrx_word' id='word_1_135' title='bbox 506 2589 773 2689; x_wconf 87' lang='lat' dir='ltr'><strong>epulentur.</strong></span> <span class='ocrx_word' id='word_1_136' title='bbox 800 2588 943 2662; x_wconf 82' lang='lat' dir='ltr'><strong>Statius</strong></span> <span class='ocrx_word' id='word_1_137' title='bbox 969 2585 1085 2661; x_wconf 82' lang='lat' dir='ltr'><strong>Theb.</strong></span> <span class='ocrx_word' id='word_1_138' title='bbox 1110 2586 1156 2658; x_wconf 93' lang='lat' dir='ltr'><strong>Il.</strong></span> <span class='ocrx_word' id='word_1_139' title='bbox 1182 2587 1244 2661; x_wconf 91' lang='grc'><strong>71.</strong></span> <span class='ocrx_word' id='word_1_140' title='bbox 1293 2588 1301 2609; x_wconf 89' lang='grc'>’</span> 
     </span>
     <span class='ocr_line' id='line_1_21' title="bbox 169 2707 1245 2783; baseline -0.002 0"><span class='ocrx_word' id='word_1_141' title='bbox 169 2709 366 2783; x_wconf 82' lang='lat' dir='ltr'><strong>Thebanos</strong></span> <span class='ocrx_word' id='word_1_142' title='bbox 392 2723 519 2783; x_wconf 86' lang='lat' dir='ltr'><strong>narrat</strong></span> <span class='ocrx_word' id='word_1_143' title='bbox 536 2709 671 2783; x_wconf 82' lang='lat' dir='ltr'><strong>Bacchi</strong></span> <span class='ocrx_word' id='word_1_144' title='bbox 697 2707 798 2781; x_wconf 91' lang='lat' dir='ltr'><strong>diem</strong></span> <span class='ocrx_word' id='word_1_145' title='bbox 825 2707 988 2781; x_wconf 86' lang='lat' dir='ltr'><strong>natalem</strong></span> <span class='ocrx_word' id='word_1_146' title='bbox 1016 2707 1154 2781; x_wconf 88' lang='lat' dir='ltr'><strong>festum</strong></span> <span class='ocrx_word' id='word_1_147' title='bbox 1180 2707 1245 2782; x_wconf 81' lang='lat' dir='ltr'><strong>lra-</strong></span> 
     </span>
     <span class='ocr_line' id='line_1_22' title="bbox 169 2827 1244 2924; baseline -0.003 -20"><span class='ocrx_word' id='word_1_148' title='bbox 169 2829 309 2904; x_wconf 86' lang='lat' dir='ltr'><strong>buisse:</strong></span> <span class='ocrx_word' id='word_1_149' title='bbox 348 2843 457 2903; x_wconf 91' lang='lat' dir='ltr'><strong>tunc</strong></span> <span class='ocrx_word' id='word_1_150' title='bbox 489 2830 616 2902; x_wconf 81' lang='lat' dir='ltr'><strong>forte</strong></span> <span class='ocrx_word' id='word_1_151' title='bbox 650 2829 895 2902; x_wconf 71' lang='lat' dir='ltr'><strong>dies“noto</strong></span> <span class='ocrx_word' id='word_1_152' title='bbox 934 2830 1122 2924; x_wconf 80' lang='lat' dir='ltr'><strong>signata</strong></span> <span class='ocrx_word' id='word_1_153' title='bbox 1156 2827 1244 2901; x_wconf 84' lang='grc' dir='ltr'><strong>Το-</strong></span> 
     </span>
     <span class='ocr_line' id='line_1_23' title="bbox 168 2949 1242 3048; baseline -0.001 -25"><span class='ocrx_word' id='word_1_154' title='bbox 168 2951 326 3023; x_wconf 78' lang='lat' dir='ltr'><strong>nantis</strong></span> <span class='ocrx_word' id='word_1_155' title='bbox 346 2950 561 3038; x_wconf 86' lang='lat' dir='ltr'><strong>iulmine‚</strong></span> <span class='ocrx_word' id='word_1_156' title='bbox 587 2972 722 3048; x_wconf 87' lang='lat' dir='ltr'><strong>quum</strong></span> <span class='ocrx_word' id='word_1_157' title='bbox 745 2961 808 3040; x_wconf 91' lang='lat' dir='ltr'><strong>te,</strong></span> <span class='ocrx_word' id='word_1_158' title='bbox 835 2949 1118 3038; x_wconf 86' lang='lat' dir='ltr'><strong>tenerEuie‚</strong></span> <span class='ocrx_word' id='word_1_159' title='bbox 1143 2971 1242 3047; x_wconf 86' lang='lat' dir='ltr'><strong>pur·</strong></span> 
     </span>
     <span class='ocr_line' id='line_1_24' title="bbox 169 3068 1243 3168; baseline -0.001 -25"><span class='ocrx_word' id='word_1_160' title='bbox 169 3082 245 3144; x_wconf 91' lang='lat' dir='ltr'><strong>tus</strong></span> <span class='ocrx_word' id='word_1_161' title='bbox 285 3071 595 3145; x_wconf 77' lang='lat' dir='ltr'><strong>transmisere</strong></span> <span class='ocrx_word' id='word_1_162' title='bbox 630 3072 773 3168; x_wconf 83' lang='lat' dir='ltr'><strong>patri3</strong></span> <span class='ocrx_word' id='word_1_163' title='bbox 814 3068 974 3162; x_wconf 80' lang='lat' dir='ltr'><strong>Tyriis</strong></span> <span class='ocrx_word' id='word_1_164' title='bbox 1013 3091 1065 3141; x_wconf 86' lang='lat' dir='ltr'><strong>eu</strong></span> <span class='ocrx_word' id='word_1_165' title='bbox 1104 3090 1243 3142; x_wconf 89' lang='lat' dir='ltr'><strong>causa</strong></span> 
     </span>
     <span class='ocr_line' id='line_1_25' title="bbox 171 3188 1286 3273; baseline -0.002 -9"><span class='ocrx_word' id='word_1_166' title='bbox 171 3190 357 3264; x_wconf 91' lang='lat' dir='ltr'><strong>colonis</strong></span> <span class='ocrx_word' id='word_1_167' title='bbox 383 3191 636 3264; x_wconf 77' lang='lat' dir='ltr'><strong>insomnem</strong></span> <span class='ocrx_word' id='word_1_168' title='bbox 664 3188 774 3263; x_wconf 87' lang='lat' dir='ltr'><strong>ludo</strong></span> <span class='ocrx_word' id='word_1_169' title='bbox 802 3190 1020 3262; x_wconf 87' lang='lat' dir='ltr'><strong>certatim</strong></span> <span class='ocrx_word' id='word_1_170' title='bbox 1047 3188 1244 3264; x_wconf 83' lang='lat' dir='ltr'><strong>educere</strong></span> <span class='ocrx_word' id='word_1_171' title='bbox 1284 3268 1286 3273; x_wconf 67' lang='lat'>,</span> 
     </span>
     <span class='ocr_line' id='line_1_26' title="bbox 168 3309 1244 3411; baseline -0.002 -26"><span class='ocrx_word' id='word_1_172' title='bbox 168 3324 353 3385; x_wconf 90' lang='lat' dir='ltr'><strong>noctem</strong></span> <span class='ocrx_word' id='word_1_173' title='bbox 380 3324 607 3385; x_wconf 82' lang='lat' dir='ltr'><strong>suaserat.</strong></span> <span class='ocrx_word' id='word_1_174' title='bbox 659 3311 719 3384; x_wconf 88' lang='lat' dir='ltr'><strong>De</strong></span> <span class='ocrx_word' id='word_1_175' title='bbox 736 3310 908 3411; x_wconf 86' lang='lat' dir='ltr'><strong>Minerva</strong></span> <span class='ocrx_word' id='word_1_176' title='bbox 923 3309 1023 3381; x_wconf 88' lang='lat' dir='ltr'><strong>Mela</strong></span> <span class='ocrx_word' id='word_1_177' title='bbox 1048 3311 1075 3382; x_wconf 93' lang='grc'><strong>1.</strong></span> <span class='ocrx_word' id='word_1_178' title='bbox 1102 3312 1137 3382; x_wconf 86' lang='grc'><strong>7.</strong></span> <span class='ocrx_word' id='word_1_179' title='bbox 1164 3332 1244 3409; x_wconf 85' lang='lat' dir='ltr'><strong>pa-</strong></span> 
     </span>
     <span class='ocr_line' id='line_1_27' title="bbox 170 3430 1242 3524; baseline -0.001 -21"><span class='ocrx_word' id='word_1_180' title='bbox 170 3433 245 3506; x_wconf 88' lang='lat' dir='ltr'><strong>lus</strong></span> <span class='ocrx_word' id='word_1_181' title='bbox 281 3430 515 3520; x_wconf 80' lang='lat' dir='ltr'><strong>Tritonis,</strong></span> <span class='ocrx_word' id='word_1_182' title='bbox 555 3430 675 3505; x_wconf 87' lang='lat' dir='ltr'><strong>unde</strong></span> <span class='ocrx_word' id='word_1_183' title='bbox 712 3430 955 3505; x_wconf 87' lang='lat' dir='ltr'><strong>Minervae</strong></span> <span class='ocrx_word' id='word_1_184' title='bbox 993 3451 1242 3524; x_wconf 79' lang='lat' dir='ltr'><strong>cognomen</strong></span> 
     </span>
     <span class='ocr_line' id='line_1_28' title="bbox 167 3548 1242 3642; baseline -0.002 -19"><span class='ocrx_word' id='word_1_185' title='bbox 167 3551 373 3625; x_wconf 90' lang='lat' dir='ltr'><strong>inditum</strong></span> <span class='ocrx_word' id='word_1_186' title='bbox 401 3565 489 3642; x_wconf 89' lang='lat' dir='ltr'><strong>est,</strong></span> <span class='ocrx_word' id='word_1_187' title='bbox 526 3564 574 3624; x_wconf 90' lang='lat' dir='ltr'><strong>ut</strong></span> <span class='ocrx_word' id='word_1_188' title='bbox 608 3553 796 3626; x_wconf 78' lang='lat' dir='ltr'><strong>incolae</strong></span> <span class='ocrx_word' id='word_1_189' title='bbox 829 3548 1145 3639; x_wconf 85' lang='lat' dir='ltr'><strong>arbitrantur,</strong></span> <span class='ocrx_word' id='word_1_190' title='bbox 1177 3549 1242 3622; x_wconf 91' lang='lat' dir='ltr'><strong>ibi</strong></span> 
     </span>
     <span class='ocr_line' id='line_1_29' title="bbox 168 3667 1241 3771; baseline -0.006 -25"><span class='ocrx_word' id='word_1_191' title='bbox 168 3673 375 3769; x_wconf 61' lang='lat' dir='ltr'><strong>genitam</strong></span> <span class='ocrx_word' id='word_1_192' title='bbox 400 3672 673 3771; x_wconf 83' lang='lat' dir='ltr'><strong>faciuntque</strong></span> <span class='ocrx_word' id='word_1_193' title='bbox 700 3672 907 3770; x_wconf 88' lang='lat' dir='ltr'><strong>aliquam</strong></span> <span class='ocrx_word' id='word_1_194' title='bbox 930 3668 1094 3759; x_wconf 87' lang='lat' dir='ltr'><strong>fidem,</strong></span> <span class='ocrx_word' id='word_1_195' title='bbox 1122 3667 1241 3767; x_wconf 91' lang='lat' dir='ltr'><strong>quod</strong></span> 
     </span>
     <span class='ocr_line' id='line_1_30' title="bbox 167 3788 1241 3891; baseline -0.007 -24"><span class='ocrx_word' id='word_1_196' title='bbox 167 3816 299 3891; x_wconf 87' lang='lat' dir='ltr'><strong>quem</strong></span> <span class='ocrx_word' id='word_1_197' title='bbox 334 3794 537 3873; x_wconf 87' lang='lat' dir='ltr'><strong>natalem</strong></span> <span class='ocrx_word' id='word_1_198' title='bbox 574 3794 675 3890; x_wconf 89' lang='lat' dir='ltr'><strong>ejus</strong></span> <span class='ocrx_word' id='word_1_199' title='bbox 710 3805 876 3891; x_wconf 88' lang='lat' dir='ltr'><strong>putant</strong></span> <span class='ocrx_word' id='word_1_200' title='bbox 907 3788 1112 3863; x_wconf 83' lang='lat' dir='ltr'><strong>ludicris</strong></span> <span class='ocrx_word' id='word_1_201' title='bbox 1145 3789 1241 3862; x_wconf 85' lang='lat' dir='ltr'><strong>vir·</strong></span> 
     </span>
     <span class='ocr_line' id='line_1_31' title="bbox 168 3908 1323 4010; baseline -0.007 -23"><span class='ocrx_word' id='word_1_202' title='bbox 168 3918 322 4009; x_wconf 76' lang='lat' dir='ltr'><strong>ginum</strong></span> <span class='ocrx_word' id='word_1_203' title='bbox 358 3914 748 4010; x_wconf 57' lang='lat' dir='ltr'><strong>celebrenttquos</strong></span> <span class='ocrx_word' id='word_1_204' title='bbox 783 3912 891 3985; x_wconf 88' lang='lat' dir='ltr'><strong>ludos</strong></span> <span class='ocrx_word' id='word_1_205' title='bbox 916 3908 1131 3984; x_wconf 88' lang='lat' dir='ltr'><strong>Herodotus</strong></span> <span class='ocrx_word' id='word_1_206' title='bbox 1168 3930 1242 3980; x_wconf 91' lang='lat' dir='ltr'><strong>non</strong></span> <span class='ocrx_word' id='word_1_207' title='bbox 1320 3990 1323 3997; x_wconf 47' lang='grc'><strong>,</strong></span> 
     </span>
    </p>
   </div>
   <div class='ocr_carea' id='block_1_7' title="bbox 241 4062 1044 4223">
    <p class='ocr_par' dir='ltr' id='par_1_7' title="bbox 241 4062 1044 4223">
     <span class='ocr_line' id='line_1_32' title="bbox 241 4062 989 4135; baseline -0.011 -16"><span class='ocrx_word' id='word_1_208' title='bbox 241 4064 278 4135; x_wconf 64' lang='lat'><strong>[⁸]</strong></span> <span class='ocrx_word' id='word_1_209' title='bbox 297 4085 321 4117; x_wconf 78' lang='lat' dir='ltr'><strong>v.</strong></span> <span class='ocrx_word' id='word_1_210' title='bbox 343 4066 465 4121; x_wconf 83' lang='lat' dir='ltr'><strong>Larclrer.</strong></span> <span class='ocrx_word' id='word_1_211' title='bbox 484 4066 518 4118; x_wconf 83' lang='lat' dir='ltr'><strong>sd</strong></span> <span class='ocrx_word' id='word_1_212' title='bbox 535 4067 635 4119; x_wconf 84' lang='lat' dir='ltr'><strong>Herod.</strong></span> <span class='ocrx_word' id='word_1_213' title='bbox 656 4068 686 4115; x_wconf 78' lang='lat' dir='ltr'><strong>V.</strong></span> <span class='ocrx_word' id='word_1_214' title='bbox 706 4064 748 4116; x_wconf 85' lang='grc'><strong>56.</strong></span> <span class='ocrx_word' id='word_1_215' title='bbox 768 4082 792 4133; x_wconf 87' lang='lat' dir='ltr'><strong>p.</strong></span> <span class='ocrx_word' id='word_1_216' title='bbox 811 4063 870 4115; x_wconf 75' lang='lat'><strong>251.</strong></span> <span class='ocrx_word' id='word_1_217' title='bbox 890 4063 924 4115; x_wconf 91' lang='grc' dir='ltr'><strong>Τ.</strong></span> <span class='ocrx_word' id='word_1_218' title='bbox 943 4062 989 4114; x_wconf 84' lang='lat' dir='ltr'><strong>lv.</strong></span> 
     </span>
     <span class='ocr_line' id='line_1_33' title="bbox 945 4150 1044 4223; baseline 0.01 -3"><span class='ocrx_word' id='word_1_219' title='bbox 945 4150 996 4223; x_wconf 82' lang='lat'><strong>2⁸</strong></span> <span class='ocrx_word' id='word_1_220' title='bbox 1024 4152 1044 4201; x_wconf 84' lang='lat'>*</span> 
     </span>
    </p>
   </div>
   <div class='ocr_carea' id='block_1_8' title="bbox 0 0 1465 4825">
    <p class='ocr_par' dir='ltr' id='par_1_8' title="bbox 0 0 1465 4825">
     <span class='ocr_line' id='line_1_34' title="bbox 0 0 1465 4825; baseline 0 0"><span class='ocrx_word' id='word_1_221' title='bbox 0 0 1465 4825; x_wconf 95' lang='lat' dir='ltr'><strong> </strong></span> 
     </span>
    </p>
   </div>
  </div>
 </body>
</html>
