2909 4825
90 109 94 126 ¹
195 132 269 208 198
378 206 393 217 ,
550 138 912 211 ursunnnrstus.

195 307 403 405 disputatio
437 299 545 377 lovis
584 303 767 377 maestum
808 298 1011 379 Eleusiniis
1044 292 1276 394 exprobran-

194 430 311 514 tium,
352 445 490 521 nornpe
515 423 605 520 quia
631 421 803 519 Orpheus
830 433 978 516 turpem
1005 415 1054 493 de
1080 413 1214 490 Cerere
1239 426 1279 491 et

187 546 420 643 Proserpina
454 542 622 619 fabulam
657 544 846 631 narravit3
882 541 981 617 bunc
1016 539 1117 613 enim
1154 537 1296 610 solum.

198 680 333 743 testem
369 663 558 741 adhibent
610 660 782 741 Clemens
819 673 944 737 autem
982 661 1113 735 ceteris
1150 659 1278 754 eopio-

199 790 277 861 sior
302 788 469 863 omnium
495 784 574 859 lere
600 784 756 861 deorum
790 792 908 857 saera
923 805 990 880 per
1025 792 1190 857 saturam
1217 801 1279 853 ex·

199 909 325 1007 ponit,
363 929 439 983 non
466 918 598 981 exacte
632 905 681 980 ad
714 896 1008 1002 antiquariorum
1036 900 1279 977 subtilitatem

202 1027 268 1103 sed
294 1037 337 1101 ut
361 1028 482 1103 multa
506 1026 644 1126 ubique
669 1026 855 1122 flagitiose
879 1037 916 1098 et
946 1023 1021 1097 diei
1047 1023 1190 1096 etheri
1216 1020 1281 1093 de-

202 1160 400 1238 monstret3
438 1149 602 1247 primum
628 1147 894 1229 Bacchantiutn
927 1143 1201 1240 omophagiis,
1234 1141 1282 1222 de

202 1269 335 1369 qubus
361 1269 482 1357 multa
506 1267 609 1367 apud
630 1280 764 1368 poetas
789 1268 950 1362 legerat,
976 1262 1111 1341 deinde
1133 1263 1282 1339 Proser-

203 1392 316 1488 pinae
348 1399 498 1487 rapturo
526 1387 745 1487 Cererisque
776 1389 937 1475 luetluet,
952 1472 959 1487 ⁸
977 1406 1134 1483 quorum
1169 1386 1284 1459 simu·

205 1511 305 1582 lacre
329 1514 443 1583 saeris
468 1511 669 1587 Eleusiniis
695 1510 841 1586 inclusa
875 1507 974 1597 esse,
1013 1500 1123 1581 tertio
1150 1505 1285 1585 Matris

206 1629 364 1705 deorum
388 1633 586 1725 mysteria,
625 1643 757 1730 quarto
783 1630 957 1719 Veneris,
993 1628 1064 1705 hoc
1089 1638 1147 1701 est
1166 1649 1282 1707 mere·

207 1752 363 1826 triculae
389 1749 550 1849 Cypriae
576 1752 760 1827 solemnia
784 1775 808 1829 a
834 1747 973 1844 Cinyra
1009 1747 1126 1850 (quod
1152 1771 1175 1825 a
1199 1770 1286 1846 pra·

208 1876 369 1969 gmatieo
394 1885 574 1969 negatore
599 1875 757 1972 aceepit)
783 1873 975 1962 instituta,
1002 1873 1135 1970 hisque
1155 1868 1287 1965 etljun-

208 1995 263 2089 git
288 1996 464 2092 cujusque
488 1998 586 2071 sacri
619 1994 775 2095 propria
807 1991 996 2088 symbola3
1032 2014 1193 2089 namque
1219 1987 1288 2064 Ce-

191 2115 371 2190 realibus
386 2113 495 2193 lovis
522 2139 605 2190 eum
622 2114 756 2193 Cerere
782 2129 820 2188 et
844 2116 924 2191 filie
948 2112 1205 2203 concubitum,
1231 2135 1288 2184 re-

210 2238 459 2332 praesentari,
493 2235 806 2337 'Thesmophoriis
843 2246 881 2308 et
916 2233 1166 2334 Seirophoriis
1198 2231 1288 2305 Pro·

211 2358 382 2453 serpinae
408 2367 569 2454 raptum,
594 2353 888 2434 Bacchanalibus
902 2355 1033 2452 Zagrei
1056 2376 1196 2444 necem,
1218 2350 1288 2427 Ca·
1397 2453 1402 2458 ι

211 2476 361 2550 biriacis
393 2475 537 2548 facinus
579 2475 872 2567 fratricidarum
924 2499 1044 2575 neque
1075 2476 1289 2554 honestiora

177 2651 181 2657 .
214 2616 295 2668 esse
327 2616 422 2692 quae
454 2595 699 2669 Athenienses
732 2596 781 2670 de
808 2593 941 2672 Cerere
974 2597 1206 2688 fabulentur,
1247 2608 1292 2670 ut

216 2713 423 2788 errabunda
456 2714 506 2790 ad
531 2716 812 2818 Autochthoues
838 2719 1050 2794 Eleusinios
1086 2718 1290 2807 devenerit,

214 2834 432 2910 utBaubtis
453 2836 542 2930 joco
567 2841 706 2911 rustico
733 2839 940 2914 exhilarate
964 2840 1078 2916 fuerit
1103 2883 1153 2895 -—
1185 2842 1289 2916 ταῦτ’
1406 2852 1408 2856 ’

217 2959 294 3032 ἔστι
325 2957 374 3032 τὰ
407 2955 550 3058 κρύφια
583 2968 662 3036 τῶν
689 2960 904 3057 Ἀθηναίων
933 2959 1121 3063 μυστήρια
1159 2983 1196 3057 p.
1233 2958 1290 3031 17·

217 3096 311 3172 quae
349 3075 489 3174 Orphei
534 3077 702 3153 versibus
745 3082 958 3172 confirmat,
1009 3082 1115 3178 quasi
1152 3082 1292 3168 omnia,

217 3217 313 3293 quae
337 3196 435 3274 forte
459 3209 655 3295 poetarum
682 3200 816 3299 aliquis
843 3201 890 3274 cle
923 3200 985 3274 dei
1018 3199 1210 3295 eujusdam
1235 3223 1292 3272 re-

219 3314 289 3390 bus
314 3319 426 3410 gestis
452 3319 602 3409 luserit,
639 3320 732 3393 haee
756 3323 837 3417 eJ‘us
870 3319 929 3393 dei
963 3323 1076 3395 sacris
1102 3321 1293 3418 populari-
1344 3321 1349 3328 ’

219 3436 290 3510 bus
313 3415 592 3534 repraesentata
616 3440 763 3515 fuerint
814 3441 886 3517 His
912 3443 1092 3539 expositis
1119 3445 1292 3520 cistarum
1351 3478 1355 3494 ·

221 3560 461 3651 mysticarum
488 3573 629 3635 secreta
660 3561 825 3650 evolvit,
860 3585 1070 3660 papavera,
1103 3566 1230 3661 apium
1257 3575 1294 3636 et

223 3690 362 3751 ceteras
387 3681 615 3777 quisquilias,
641 3681 775 3779 quibus
795 3681 965 3778 adjungit
980 3682 1171 3757 Themidis
1192 3705 1293 3778 syrn-

222 3796 327 3888 hola‚
361 3798 559 3894 inquibus
586 3805 699 3876 etiam
725 3803 823 3897 eugii
856 3801 1011 3900 effigiem
1038 3801 1200 3903 ferri[⁶],
1225 3827 1293 3902 po-

296 3945 334 4019 [b]
353 3953 410 4006 Kal
434 3956 537 4024 προςίτι
564 3956 609 4020 τῆς
635 3954 752 4025 Θέμιδος
776 3953 809 4009 ra
834 3952 972 4030 ἀπόῤῥητα
997 3952 1136 4028 σύμβολα,
1155 3954 1308 4028 helysaeus
