2909 4825
521 290 865 346 onnusrsrn.
1159 279 1227 352 181

161 451 297 522 initiati
321 450 415 521 scire
441 447 638 523 deberent?
675 450 830 524 Hiscine
844 442 1044 548 adstupere
1070 451 1229 549 aequum

161 570 241 644 estl
293 566 467 642 Ceterum
501 568 548 641 de
572 570 772 644 Eleusiniis
804 571 897 642 nihil
929 568 1113 665 ejusmodi
1145 555 1250 668 pro·¹

161 689 281 761 ditum
307 689 479 782 legimus,
507 687 606 763 unde
630 690 811 788 suspicari
835 690 963 778 liceat,
996 687 1231 787 Hierophan-

159 821 219 881 tas
251 820 337 881 ante
368 808 429 882 vel
462 822 549 908 post
580 821 731 908 peracta
757 809 941 883 solemnia
976 831 1059 881 oum
1092 810 1230 884 adeun-

160 927 260 1002 tibus
287 928 468 1002 derebus
499 932 613 1003 sacris
646 931 911 1003 sermocinatos
947 949 1045 1017 esse,
1084 944 1230 1027 praeter
1262 991 1264 993 .

162 1047 264 1147 quod
288 1048 487 1122 Pausanias
522 1048 570 1121 de
597 1048 738 1148 Orphei
752 1077 754 1080 ·
770 1063 808 1123 et
832 1049 991 1146 Pamphi
1022 1048 1173 1142 hymnis
1207 1070 1230 1121 a
1352 1099 1355 1107 -

161 1167 343 1242 Daducho
358 1166 518 1267 quodam
545 1170 730 1267 accepisse
755 1168 909 1242 sedicit
932 1166 998 1241 IX.
1014 1171 1074 1242 27.
1103 1165 1230 1267 ‘lpso-
1269 1168 1271 1174 ’

160 1310 245 1361 rum
276 1311 367 1362 vero
399 1290 630 1363 initiatorum
665 1290 897 1384 conjecturae
932 1299 970 1359 et
1007 1287 1230 1361 sermunculi

161 1407 210 1480 de
240 1409 380 1480 rituum
410 1431 597 1483 sacrorum
636 1406 964 1504 significationibus
1001 1408 1080 1481 sine
1115 1407 1229 1482 dubio

159 1549 339 1627 perquam
381 1526 521 1604 diversi
559 1529 663 1603 fuere
696 1551 766 1627 pro
806 1530 981 1625 cujusque
1012 1528 1170 1623 ingenio
1193 1541 1232 1601 et

161 1647 380 1722 eruditione.
432 1650 631 1749 Speoimen
647 1650 802 1749 praebet
815 1649 1061 1746 Porphyrius,
1088 1651 1152 1746 qui
1170 1670 1230 1746 ap.

159 1767 297 1842 Enseb.
323 1768 381 1841 Pr.
406 1770 477 1845 Eu.
499 1771 562 1843 Ill.
592 1771 675 1844 117.
700 1768 934 1845 sacerdotum
954 1767 1229 1841 Eleusiniorum

158 1890 329 1964 habitum
357 1899 396 1961 et
418 1890 577 1984 insignia
602 1894 655 1964 sic
680 1901 844 1980 enarrat,
869 1900 913 1960 ut
936 1888 1031 1960 nihil
1053 1890 1231 1962 excelsius
1314 1899 1316 1910 '

162 2013 315 2107 cogitari
329 2011 466 2109 possit3
492 2008 790 2105 Hierophantam
806 2008 917 2080 enim
931 2006 1114 2103 demiurgi
1138 2011 1231 2081 ima-

161 2135 284 2228 ginem
308 2141 584 2227 repraesentare
611 2130 682 2218 ait,
708 2128 930 2201 Daduchum
957 2126 1065 2216 solis,
1091 2127 1232 2225 Epibo-

160 2255 280 2326 mium
305 2252 432 2340 lunae,
458 2249 745 2343 Hieroccryoem
770 2248 962 2336 Mercurii,
994 2247 1134 2319 ceteros
1160 2251 1233 2320 mi·

161 2371 299 2447 nistros
323 2370 514 2445 stellarum
546 2365 734 2443 minorum
768 2370 849 2444 vioe
884 2389 974 2441 esse.
1025 2366 1141 2466 ldque
1168 2364 1231 2440 dc-

91 2574 95 2583 ,
163 2504 332 2569 cantatur
351 2494 433 2587 J‘am
459 2487 601 2565 dudum
632 2489 680 2563 ab
713 2489 887 2563 omnibus
919 2489 1023 2586 quasi
1050 2486 1232 2586 quaedam

162 2614 374 2689 authentica
393 2584 665 2708 interpretatio.¹
711 2611 791 2700 An,
817 2612 904 2709 quia
917 2621 1050 2682 testem
1070 2609 1232 2681 luculen-

162 2747 244 2809 tum
268 2731 406 2806 habeti
445 2730 498 2803 At
523 2743 579 2804 est
593 2732 815 2806 levissimus.
864 2730 941 2821 An,
968 2727 1067 2827 quod
1082 2727 1231 2801 aliunde

163 2865 328 2942 constat,
355 2849 498 2926 Cereris
522 2863 562 2923 et
585 2851 742 2925 Liberae
767 2872 872 2924 sacra
897 2848 946 2922 ad
972 2848 1136 2922 siderum
1158 2848 1232 2921 cul-

163 2986 244 3049 tum
262 2971 509 3072 pertinuisset
559 2970 612 3045 At
636 2994 747 3043 nemo
773 2972 849 3044 talo
875 2968 1076 3067 quidquam
1095 2968 1232 3043 velta-
1292 2996 1294 3000 ·

164 3098 239 3170 cita
262 3093 526 3188 significatione
550 3091 726 3188 prodidit
777 3092 839 3164 An
865 3088 1035 3177 demum,
1062 3089 1149 3183 quia
1172 3111 1232 3179 res

163 3216 250 3313 ipsa
273 3214 353 3289 veri
379 3212 511 3285 similis
536 3208 708 3284 videturl
760 3206 860 3298 Quid
897 3228 987 3283 vero
1012 3219 1090 3279 tam
1122 3220 1232 3281 extra

164 3334 277 3407 fidem
316 3343 390 3421 cst,
429 3353 538 3429 quam
563 3330 614 3401 ‘in
651 3330 914 3426 antiquissimis
946 3313 1231 3401 ‘Atheniensium

165 3451 392 3529 solemnibus
417 3451 630 3544 Demiurgi,
656 3449 717 3522 dei
743 3449 941 3536 Platonici,
978 3449 1082 3543 cujus
1107 3438 1230 3541 imago

164 3574 503 3658 nullaimitatione
527 3571 694 3667 exprimi
718 3578 861 3666 potest,
884 3589 962 3640 non
981 3569 1103 3641 solum
1129 3580 1231 3639 men·

165 3698 304 3770 tionem
331 3692 486 3779 factam,
507 3688 584 3762 *sed
606 3690 720 3762 edam
745 3710 944 3784 personam
969 3691 1008 3761 in
1035 3686 1230 3781 conspectu

167 3816 332 3888 omnium
365 3810 527 3908 positam
563 3808 667 3882 essel
698 3804 976 3882 ·Conlitendum
1014 3816 1071 3879 cst
1107 3804 1230 3899 igitur,

91 3986 95 3997 ·
166 3937 261 4008 hanc
293 3955 373 4006 essc
405 3926 652 4024 conjecturam
681 3930 842 4002 hominis
874 3925 1121 4028 spectaculum
1147 3944 1231 4014 my·
1323 3921 1335 3949 '

166 4057 298 4133 summ
322 4074 374 4126 ox
400 4072 469 4124 suo
494 4070 604 4123 sensu
628 4051 933 4149 interpretantis,
963 4042 1062 4119 unde
1094 4054 1231 4136 myste-
1340 4132 1341 4137 Ν
