2909 4825
192 306 195 317 ¹
285 222 362 297 m
593 232 1024 309 crassescunnus.
1081 315 1084 325 Ι

282 398 416 494 ineps·
446 401 933 486 sommargmumtsrun,
952 404 1014 467 ort
1037 414 1086 469 ur
1111 393 1357 489 animatam

284 515 435 615 quidem
468 513 839 612 sumpserimus,
872 528 994 617 seqre
1029 525 1107 593 tutu
1140 516 1359 603 insumas

283 635 557 724 summme.
571 632 729 709 uiterim
755 633 914 729 provmi
935 634 1059 711 liceat
1100 635 1251 711 Etenim
1277 652 1360 715 vst-
1421 714 1425 727 ,

284 781 392 831 suum
428 754 696 854 Orphicomm,
729 776 822 852 quos
853 754 1037 833 Proculus
1064 756 1272 853 meteriquc
1298 779 1359 835 uu·

283 879 451 977 qualium
475 875 571 963 bruc
595 876 736 953 mulus
761 874 938 964 morou,
972 874 1079 972 apud
1099 887 1246 953 veteres
1272 877 1360 949 scri-

283 1004 412 1097 ptem
436 996 562 1072 aulius
577 996 739 1093 degitur3
763 1019 885 1093 neque
906 995 956 1073 ub
982 997 1051 1071 hac
1075 995 1227 1094 qrridem
1254 1007 1362 1092 purte

284 1117 486 1218 quidquam
520 1117 662 1206 obstat,
694 1118 892 1215 quominus
917 1128 1036 1194 totam
1061 1117 1166 1195 iiiam
1192 1117 1361 1211 Theogo-

188 1234 193 1241 ’
282 1243 385 1315 rr’srn
417 1240 481 1314 vel
512 1260 547 1312 a*
566 1238 771 1311 Platonicis
802 1240 895 1335 ipsis
929 1238 991 1311 vel
1023 1238 1150 1334 paullo
1183 1249 1270 1313 ante
1294 1259 1360 1310 eos

243 1434 246 1447 ,
281 1361 533 1460 compositam
571 1371 756 1457 putamen.
821 1356 1000 1433 Attamen
1032 1357 1135 1454 apud
1167 1359 1359 1433 Pisonem

281 1481 363 1555 drru
384 1482 558 1575 'leguntur
584 1478 725 1576 Orphei
751 1500 881 1552 versus
907 1478 955 1552 de
978 1479 1118 1553 Oceani
1143 1490 1181 1555 ut
1194 1478 1359 1571 Tethyos

196 1578 198 1591 Α
262 1603 427 1700 *nuptiis
455 1622 490 1676 v.
518 1596 551 1697 ξ.
571 1599 628 1672 la.
654 1621 748 1697 quos
774 1596 1135 1694 nemoTheogoniae
1148 1599 1357 1675 admittere

208 1724 212 1745 '
282 1719 714 1816 marchionemque
753 1718 825 1792 hcc
854 1721 1005 1793 unicum
1040 1733 1098 1793 est
1129 1721 1302 1797 mmsis
1335 1722 1358 1791 a

283 1842 441 1916 Platone
472 1840 560 1914 lecti
591 1837 783 1912 indicium
843 1839 941 1914 Nam
967 1851 1117 1936 practer
1142 1839 1216 1915 alia
1240 1839 1357 1932 Lyco·

284 1961 380 2060 pirro
405 1982 547 2056 augru,
562 1981 671 2058 quem
696 1956 799 2031 idem
824 1959 865 2031 in
891 1958 1161 2057 Euthypitrone
1187 1974 1270 2033 urm
1285 1958 1356 2030 'So

284 2091 385 2156 crate
413 2079 653 2154 disserentem
679 2076 840 2167 inducit,
874 2080 993 2177 impio
1019 2081 1137 2176 patris
1164 2076 1358 2151 accusandi

284 2201 439 2277 consilio
472 2199 627 2272 deorum
662 2200 940 2297 alletoritatem,
972 2197 1079 2274 Jovis
1112 2200 1297 2296 imprimis
1322 2210 1359 2270 et

286 2323 457 2410 Saturni,
482 2317 712 2419 praetendit,
738 2338 896 2417 quorum
921 2318 1016 2392 alter
1040 2332 1185 2417 patrem
1211 2342 1358 2393 exsecu-

287 2446 369 2533 erit,
395 2443 490 2516 aiter
514 2442 555 2516 iu
581 2439 778 2516 Tartarum
804 2439 992 2534 abjecerit,
1018 2435 1236 2539 Socratique
1249 2463 1356 2540 quac-

285 2565 386 2636 renti
410 2557 592 2656 numquid
618 2582 767 2649 eorum,
794 2583 889 2657 quae
915 2558 963 2633 de
989 2558 1144 2634 deorum
1164 2561 1356 2637 discordiis

288 2693 326 2755 et
368 2677 631 2752 certaminibus
663 2702 687 2752 a
719 2681 841 2776 poetis
874 2679 948 2754 dici
980 2693 1018 2755 et
1049 2684 1091 2754 in
1122 2687 1236 2757 sacris
1252 2684 1357 2783 ipsis

193 2896 195 2900 .
264 2801 414 2896 ‘effingi
439 2798 595 2890 soleant,
621 2797 694 2872 tide
720 2798 872 2895 dignum
899 2799 1022 2890 ducat,
1046 2801 1111 2874 iile
1135 2825 1213 2875 non
1238 2802 1356 2875 scium

289 2923 380 2995 haec
413 2918 499 2995 sibi,
516 2921 715 2993 verissima
747 2919 868 2993 videri
900 2924 1113 3019 profitetur,
1146 2920 1213 2995 sed
1246 2923 1357 2995 etiam

288 3042 364 3117 alia
388 3041 582 3128 atrociora,
608 3062 702 3137 quae
726 3042 852 3136 ignota
877 3043 1064 3141 plerisque
1080 3041 1251 3116 Socrates
1266 3045 1358 3141 ipse,

287 3165 322 3237 si
346 3160 552 3250 audiverit,
587 3162 827 3236 vehementer
850 3165 901 3235 sit
925 3161 1173 3237 admiraturus
1195 3187 1232 3262 p.
1257 3161 1292 3236 d.
1318 3162 1357 3235 B.

289 3308 320 3354 c
347 3281 409 3355 Ἣ.
444 3280 555 3370 Quod
588 3284 717 3356 nescio
740 3282 830 3382 quid
857 3279 938 3358 esse
962 3288 1084 3381 possit
1108 3285 1182 3357 uiui
1207 3284 1358 3357 Saturni

239 3410 242 3426 '
289 3403 461 3492 exsectio,
487 3401 616 3499 Zagrei
642 3404 849 3477 interfectio
876 3404 1108 3503 aliorumque
1135 3403 1290 3477 deorum
1304 3404 1358 3476 fa-

289 3525 417 3598 cinora
448 3524 488 3594 in
521 3523 744 3597 carminibus
781 3525 952 3621 Orphicis
965 3614 972 3627 ,
987 3547 1055 3597 nec
1087 3547 1242 3623 usquam
1268 3524 1359 3597 alibi

290 3644 439 3718 tradita.
473 3643 523 3716 Et
547 3643 642 3716 hanc
666 3646 773 3740 quasi
799 3642 981 3719 officinam
1008 3645 1123 3718 fuisse
1148 3643 1358 3718 fabularum

289 3766 522 3840 abnormium
574 3775 612 3836 et
659 3777 998 3855 monstruosarum,
1045 3766 1180 3840 clarius
1220 3765 1363 3839 indicat

289 3889 470 4005 lgm-rates
502 3884 633 3980 paneg.
666 3909 695 3957 c.
721 3885 820 3959 XVI.
847 3887 933 3961 379.
967 3887 1138 3960 Poetae
1164 3885 1361 3985 quidem,

291 4009 432 4103 inquit,
483 4006 560 4102 qui
599 4007 823 4097 servitia,
875 4009 1003 4083 furta
1042 4019 1085 4080 et
1118 4001 1362 4082 adulteria
