2909 4825
224 231 302 306 488
550 244 693 299 ernau
719 242 982 297 sncuuous.

226 408 391 500 ignorat,
414 389 482 474 'de
515 397 595 496 die¹
612 400 729 473 natali
763 410 870 474 tacet.
926 400 1107 476 nonme
1142 399 1308 500 quidem,

227 526 291 624 qui
317 522 364 596 de
389 522 604 597 coelestium
632 530 717 593 ortu
751 532 790 593 et
814 523 992 617 progenie
1016 522 1111 596 nibil
1137 544 1163 596 a
1186 523 1308 617 majo.

118 711 131 746 N
226 644 331 719 ribus
357 641 537 716 traditum
558 640 757 730 habebant,
782 639 969 715 familiare
982 642 1066 732 fuit,
1092 641 1207 733 diem,
1233 664 1307 740 quo

228 765 409 862 templum
443 762 635 859 cujusdam
671 760 828 834 deorum
855 761 1069 836 dedicatum
1104 775 1203 852 erat,
1241 783 1309 836 na·
1346 837 1350 900 ι

227 886 340 959 talem
373 886 453 981 ejus
486 883 609 957 dicere
645 893 684 954 et
716 884 975 956 anniversaria
1007 882 1194 978 celebrare
1229 906 1309 955 me-
1347 917 1351 932 =

226 1008 359 1080 moria.
397 1003 614 1077 Lactantius
639 1003 776 1075 Institt.
800 1001 863 1075 Vl.
890 1005 951 1077 20.
977 1004 1066 1076 821.
1092 1002 1307 1077 ludorum

229 1125 580 1202 celebrationes
607 1121 798 1196 deorum
825 1123 950 1198 festa
968 1134 1106 1228 sunt,
1138 1126 1180 1197 si
1206 1126 1308 1221 qui·

229 1246 328 1320 dem
374 1244 429 1318 ob
473 1242 659 1317 natales
697 1251 982 1317 eorum'aut
1019 1243 1307 1340 templorum

228 1387 455 1442 novorum
490 1362 820 1437 dedicationes
854 1376 962 1437 sunt
1002 1365 1307 1438 constitutae.

228 1487 362 1562 Fesnts
389 1508 426 1584 p.
452 1485 540 1557 228.
575 1483 779 1557 Martias
806 1480 1042 1556 Calendas
1067 1495 1308 1558 matronae
1392 1484 1398 1497 '

229 1605 560 1693 celebrabant,
601 1603 719 1700 quod
756 1625 808 1675 eo
845 1603 921 1677 die
946 1600 1144 1677 lunonis
1170 1604 1308 1676 Luci-

67 1811 69 1816 .
229 1750 316 1801 nae
343 1726 439 1800 coli
466 1737 634 1823 coepta
661 1728 734 1796 sit
786 1723 890 1797 ldem
923 1746 961 1822 p.
987 1722 1074 1798 459.
1110 1724 1308 1798 Rustica

231 1846 427 1921 Vinalia
451 1843 713 1933 faciebant,
753 1844 874 1941 quod
902 1866 955 1917 eo
982 1842 1059 1916 die
1092 1843 1232 1917 aedes
1266 1846 1309 1917 ei

232 1967 459 2042 dedicata
484 1977 571 2056 est;
596 1964 771 2061 idemque
784 1963 1308 2056 dePortumnalibus,Martiis

230 2090 386 2188 aliisque
421 2086 556 2161 dicitur
589 2083 827 2159 solemnibus.
863 2109 900 2160 v.
935 2086 1012 2159 Dio
1039 2083 1141 2161 Cass.
1166 2086 1246 2160 LX.
1272 2083 1308 2158 5.

230 2209 350 2284 Varro
377 2207 413 2281 d.
439 2209 480 2282 L.
495 2208 549 2318 ¹L.
575 2205 619 2278 V.
654 2206 689 2280 3.
715 2205 778 2280 47.
811 2204 892 2279 dies
917 2218 1062 2296 autem,
1094 2229 1168 2305 quo
1195 2205 1307 2280 aedes

230 2330 420 2420 dedicata,
454 2328 516 2402 dei
547 2326 743 2400 incolentis
769 2326 904 2399 natalis
930 2326 1079 2401 babitus
1105 2340 1144 2401 et
1169 2330 1209 2400 in
1234 2326 1308 2401 Fa-

228 2465 308 2525 stos
334 2450 473 2524 relatus
499 2461 566 2522 est
592 2472 629 2522 v.
646 2445 758 2522 ovid.
775 2446 818 2519 F.
836 2446 900 2520 111.
926 2447 1014 2520 811.
1032 2448 1119 2521 837.
1146 2447 1316 2551 Τυηιθὴ.

230 2569 331 2646 Adv.
362 2570 409 2643 ΙΙ.
446 2569 504 2642 17.
555 2567 702 2641 Selden.
738 2564 786 2638 de
819 2566 976 2661 Synedr.
1003 2570 1066 2642 llI.
1102 2556 1161 2642 14.
1197 2570 1307 2643 1786.

231 2692 433 2766 amman.
459 2687 509 2761 aa
533 2686 685 2761 Αιιιιιοι.
699 2685 744 2758 ν.
772 2686 842 2785 up.
858 2689 919 2761 ro.
970 2690 1014 2762 ln
1032 2674 1189 2763 urmes
1214 2712 1306 2765 vero
1428 2694 1435 2709 ·

232 2812 387 2908 antiqua
417 2807 562 2882 nullum
597 2807 706 2902 hujus
741 2805 1054 2882 denominationis
1087 2811 1307 2910 exemplum

231 2933 432 3019 succurrit,
464 2924 538 3001 nisi
564 2925 612 3000 ad
640 2924 878 3001 Comicorum
904 2929 1084 3027 quasdam
1110 2943 1307 3029 poetarum

233 3052 378 3126 fabsdas
411 3071 617 3148 provocare
650 3047 784 3139 libeat,
819 3049 945 3146 quales
978 3063 1064 3123 sunt
1089 3051 1308 3149 Palaephati

234 3172 354 3249 Γοναὶ
374 3171 602 3271 Ἀρτέμιδος,
634 3167 836 3267 Hermippi
859 3172 1022 3266 Ἀθηνᾶς
1047 3173 1177 3276 γοναί,
1214 3170 1308 3245 Aru·

234 3292 328 3364 rotis
354 3292 487 3376 Πανὸς
512 3290 642 3395 γοναί,
678 3312 751 3387 quo
786 3290 895 3362 titulo
931 3292 1043 3364 etiam
1070 3291 1219 3365 Philisci
1251 3291 1308 3364 fa·

186 3504 189 3509 ,
236 3410 324 3486 bula
350 3412 439 3502 fuit,
467 3424 545 3485 tum
573 3410 647 3484 duo
675 3410 844 3503 Polyaeli
870 3408 1051 3499 dratnata,
1077 3433 1192 3484 unum
1219 3418 1309 3489 Διο-

236 3530 355 3611 νύσου
380 3531 509 3638 γοναί,
536 3531 694 3604 alterum
722 3539 916 3619 Μουσῶν,
952 3529 1100 3604 Philisci
1127 3529 1309 3608 Ἀπόλλω-

236 3683 303 3739 νος
328 3654 393 3731 καὶ
413 3651 622 3755 Ἀρτέμιδος
647 3649 771 3754 γοναί,
808 3649 976 3745 ejusdem
1002 3661 1040 3724 et
1064 3650 1309 3749 Nicophontis

233 3774 452 3875 Ἀφροδίτης
476 3773 606 3878 γοναί,
639 3768 857 3843 'l'imesithei
884 3772 1006 3868 Ζηνὸς
1038 3770 1159 3876 γοναί.
1212 3771 1310 3845 Her·

237 3896 358 3992 mippi
394 3893 544 3991 quidem
581 3889 729 3964 fabulae
764 3888 972 3964 Heerenius
1008 3891 1056 3964 ad
1093 3890 1197 3964 Stob.
1230 3892 1309 3964 Ecl.

237 4012 333 4085 ’1.1.
361 4013 446 4086 239.
497 4011 689 4084 Minervae
714 4023 856 4098 ortum,
894 4033 1002 4107 quem
1029 4023 1163 4108 poetae
1196 4010 1311 4085 tradi·
