2909 4825
388 341 392 354 .
538 231 814 325 orrares.
1137 261 1216 336 447

67 499 69 504 ,
135 426 205 502 δυ
219 447 332 525 quom
347 422 530 518 ulmam,
555 447 677 525 noque
699 425 761 502 uic
780 435 842 502 tot
864 433 1095 530 apposuerit,
1119 449 1214 535 quot

136 547 373 623 Aristobulus
398 546 642 622 Emobienus.

614 802 647 903 §-
700 805 735 878 2.

237 1025 292 1102 Ac
316 1030 479 1125 primum
505 1024 679 1125 quidem,
712 1024 813 1125 quod
839 1023 888 1100 acl
912 1023 1102 1106 lustinum
1128 1035 1213 1109 atti·

113 1159 218 1250 ¹net,
264 1160 308 1222 ut
340 1148 451 1223 facile
483 1145 593 1222 credo
628 1169 715 1221 eum
747 1168 825 1222 nou
856 1149 1004 1240 omniu
1044 1174 1141 1249 quae
1171 1156 1213 1228 in

134 1279 286 1366 promtu
312 1268 483 1359 haberet,
508 1267 676 1366 proferre
701 1267 888 1358 voluisse,
913 1270 970 1342 ita
994 1275 1212 1366 sententias,

135 1411 232 1487 quae
256 1386 305 1462 ad
331 1388 595 1488 disputationis
621 1410 805 1463 summam
830 1391 1078 1487 pertinerent,
1103 1417 1210 1492 quae

135 1532 207 1607 que
232 1512 316 1609 ipsa
341 1511 455 1583 series
481 1522 520 1583 et
546 1510 779 1583 continuatio
806 1532 983 1585 versuum
1010 1514 1129 1590 oeulis
1153 1517 1211 1590 iu·

135 1643 295 1727 gereret,
330 1630 378 1704 ab
405 1652 451 1702 eo
477 1631 658 1726 neglectas
684 1652 767 1703 esse
791 1653 927 1728 parum
954 1632 1131 1710 credibile
1155 1639 1212 1712 vi·

135 1751 254 1826 detur.
303 1752 432 1849 ltaque
456 1750 524 1824 illa
548 1750 664 1825 verba
680 1757 728 1827 m
749 1752 801 1850 μὴ
827 1755 1059 1857 μουνογενὴς
1084 1787 1117 1834 κ.
1134 1789 1167 1834 τ.
1182 1762 1211 1836 s‘.
1313 1777 1319 1789 ‘

135 1896 231 1972 quae
255 1884 294 1946 et
318 1875 358 1945 iu
382 1870 509 1946 medio
534 1872 807 1970 conspicuoque
832 1871 916 1944 loco
942 1875 1067 1971 posita
1099 1890 1137 1952 et
1161 1878 1212 1953 ad

135 1991 274 2067 Justini
299 2009 449 2065 causam
477 1993 797 2090 opportunissima
821 2004 920 2083 suut,
944 2015 1021 2067 uou
1040 2018 1127 2070 casu
1146 2019 1212 2072 ne·

136 2137 207 2213 que
233 2113 388 2187 oonsilio
413 2113 631 2186 transmissa
663 2111 731 2184 sed
757 2118 910 2186 omnino
945 2114 980 2186 ei
1012 2137 1090 2188 uon
1115 2117 1212 2192 lecta

136 2234 305 2309 arbitror.
357 2230 573 2338 Eademque
605 2231 654 2304 de
688 2228 879 2307 Clemente
918 2238 1102 2309 sententia
1142 2250 1211 2328 est,

136 2356 199 2454 qui
225 2377 338 2453 quum
363 2351 485 2444 idem,
521 2350 622 2452 quod
646 2352 732 2444 ille,
769 2353 978 2453 approbare
1004 2370 1210 2451 coneretur,
1367 2367 1370 2374 ’

134 2477 356 2552 veterrimos
398 2475 577 2548 Graeciae
615 2485 749 2574 poetas
791 2474 979 2550 Moesicae
1021 2474 1211 2552 doetrinae

134 2599 270 2672 notitia
295 2595 458 2671 imbutos
484 2595 616 2686 tuisse,
652 2617 728 2669 nou
762 2595 866 2670 aliud
899 2596 1119 2671 luculentius
1152 2620 1210 2671 re·

133 2720 257 2818 perire
290 2728 441 2817 poterat
473 2738 607 2791 causae
642 2738 733 2790 suae
764 2717 1059 2809 firmamentum,
1098 2741 1210 2817 quem
1366 2742 1370 2751 ’

128 2861 288 2915 ¹versum
315 2834 538 2929 secuudum,
573 2838 633 2910 cui
658 2836 897 2913 Aristobulus
922 2861 1102 2938 perquam
1136 2842 1210 2914 cal·

133 2958 211 3034 lide
236 2959 328 3055 legis
355 2956 505 3034 divinae
532 2977 669 3032 nomen
703 2960 876 3051 inseruit,
915 2971 954 3032 et
978 2961 1214 3056 trigesimum·

131 3092 277 3154 sextum
317 3101 361 3154 ac
395 3090 608 3177 sequentes,
659 3077 793 3176 quibus
836 3078 1003 3176 decalogi
1037 3080 1210 3156 eonditor

131 3200 379 3300 praedicatur.
412 3196 515 3288 Quos
541 3220 673 3274 versus
699 3222 815 3298 quum
842 3202 1009 3274 omiserit
1025 3198 1208 3293 Clemens,

131 3322 321 3417 ignorasse
354 3317 623 3394 existimandus
657 3332 714 3392 est
745 3320 837 3394 haec
868 3324 1117 3418 posteriorum
1144 3347 1209 3399 ve·

131 3451 336 3516 teratorum
370 3438 636 3515 additamenta
687 3440 731 3512 ln
763 3443 980 3517 universum
1012 3444 1123 3539 igitur
1155 3447 1210 3520 sic

132 3562 339 3651 contendo,
365 3559 576 3636 Justiniano
601 3561 810 3656 fragmento
838 3565 1005 3637 omnium
1033 3561 1209 3641 brevissi·

130 3700 195 3756 mo
221 3683 484 3779 primigeniam
509 3683 682 3757 carminis
709 3681 882 3781 Orpbici‚
908 3684 1030 3783 qualis
1046 3685 1207 3783 ‘quidem

129 3799 205 3874 illis
231 3801 462 3901 temporibus
489 3802 579 3892 luit,
618 3802 780 3878 formam
813 3806 1102 3903 repraesentem
1140 3828 1207 3879 no-

130 3942 203 3994 vae
228 3923 527 4023 interpolationis
561 3925 749 4020 specimen
782 3924 963 4022 praebere
995 3925 1206 4023 exemplum

54 4028 55 4039 ’
129 4037 351 4135 Clementis,
377 4043 476 4141 quod
503 4041 712 4117 Justiniano
740 4047 929 4143 copiosius
955 4059 1022 4135 est,
1061 4045 1205 4121 Aristo·
