<?xml version="1.0" encoding="UTF-8"?>
<!DOCTYPE html PUBLIC "-//W3C//DTD XHTML 1.0 Transitional//EN"
    "http://www.w3.org/TR/xhtml1/DTD/xhtml1-transitional.dtd">
<html xmlns="http://www.w3.org/1999/xhtml" xml:lang="en" lang="en">
 <head>
  <title>
</title>
<meta http-equiv="Content-Type" content="text/html;charset=utf-8" />
  <meta name='ocr-system' content='tesseract 3.04.00' />
  <meta name='ocr-capabilities' content='ocr_page ocr_carea ocr_par ocr_line ocrx_word'/>
</head>
<body>
  <div class='ocr_page' id='page_1' title='image "aglaophamussive04lobegoog_0727.png"; bbox 0 0 2909 4825; ppageno 0'>
   <div class='ocr_carea' id='block_1_1' title="bbox 532 225 1230 354">
    <p class='ocr_par' dir='ltr' id='par_1_1' title="bbox 532 225 1230 354">
     <span class='ocr_line' id='line_1_1' title="bbox 532 225 1230 354; baseline 0.01 -31"><span class='ocrx_word' id='word_1_1' title='bbox 532 263 809 324; x_wconf 73' lang='lat' dir='ltr'><strong>onumen.</strong></span> <span class='ocrx_word' id='word_1_2' title='bbox 1078 335 1081 354; x_wconf 42' lang='lat'><strong>,</strong></span> <span class='ocrx_word' id='word_1_3' title='bbox 1131 225 1230 331; x_wconf 76' lang='lat'><strong>725&#39;</strong></span> 
     </span>
    </p>
   </div>
   <div class='ocr_carea' id='block_1_2' title="bbox 129 427 1268 648">
    <p class='ocr_par' dir='ltr' id='par_1_2' title="bbox 129 427 1268 648">
     <span class='ocr_line' id='line_1_2' title="bbox 129 427 1205 534; baseline -0.002 -29"><span class='ocrx_word' id='word_1_4' title='bbox 129 430 301 534; x_wconf 80' lang='lat' dir='ltr'><strong>ducens</strong></span> <span class='ocrx_word' id='word_1_5' title='bbox 345 428 616 524; x_wconf 76' lang='lat' dir='ltr'><strong>theologiae</strong></span> <span class='ocrx_word' id='word_1_6' title='bbox 657 429 798 510; x_wconf 81' lang='lat' dir='ltr'><strong>simul</strong></span> <span class='ocrx_word' id='word_1_7' title='bbox 838 439 884 501; x_wconf 89' lang='lat' dir='ltr'><strong>et</strong></span> <span class='ocrx_word' id='word_1_8' title='bbox 916 427 1205 504; x_wconf 76' lang='lat' dir='ltr'>naturaliter</span> 
     </span>
     <span class='ocr_line' id='line_1_3' title="bbox 129 546 1268 648; baseline -0.002 -22"><span class='ocrx_word' id='word_1_9' title='bbox 129 562 361 628; x_wconf 81' lang='lat' dir='ltr'><strong>versatur.</strong></span> <span class='ocrx_word' id='word_1_10' title='bbox 413 549 518 624; x_wconf 80' lang='lat' dir='ltr'><strong>Haeo</strong></span> <span class='ocrx_word' id='word_1_11' title='bbox 551 560 675 624; x_wconf 73' lang='lat' dir='ltr'><strong>amem</strong></span> <span class='ocrx_word' id='word_1_12' title='bbox 702 547 752 622; x_wconf 88' lang='lat' dir='ltr'><strong>de</strong></span> <span class='ocrx_word' id='word_1_13' title='bbox 775 549 843 623; x_wconf 87' lang='lat' dir='ltr'><strong>ille</strong></span> <span class='ocrx_word' id='word_1_14' title='bbox 868 546 965 622; x_wconf 86' lang='lat' dir='ltr'><strong>libre</strong></span> <span class='ocrx_word' id='word_1_15' title='bbox 990 549 1206 648; x_wconf 77' lang='lat' dir='ltr'><strong>accipienda</strong></span> <span class='ocrx_word' id='word_1_16' title='bbox 1263 569 1268 578; x_wconf 88' lang='grc'><em>·</em></span> 
     </span>
    </p>
   </div>
   <div class='ocr_carea' id='block_1_3' title="bbox 129 667 1297 746">
    <p class='ocr_par' dir='ltr' id='par_1_3' title="bbox 129 667 1297 746">
     <span class='ocr_line' id='line_1_4' title="bbox 129 667 1297 746; baseline 0.001 -1"><span class='ocrx_word' id='word_1_17' title='bbox 129 693 211 746; x_wconf 84' lang='lat' dir='ltr'><strong>esse</strong></span> <span class='ocrx_word' id='word_1_18' title='bbox 243 670 365 744; x_wconf 82' lang='lat' dir='ltr'><strong>ehreet</strong></span> <span class='ocrx_word' id='word_1_19' title='bbox 397 691 444 742; x_wconf 78' lang='lat' dir='ltr'><strong>ex</strong></span> <span class='ocrx_word' id='word_1_20' title='bbox 477 669 552 744; x_wconf 87' lang='lat' dir='ltr'><strong>alin</strong></span> <span class='ocrx_word' id='word_1_21' title='bbox 589 670 747 743; x_wconf 74' lang='lat' dir='ltr'><strong>lurein</strong></span> <span class='ocrx_word' id='word_1_22' title='bbox 780 669 863 743; x_wconf 83' lang='grc' dir='ltr'><strong>ΧΠ.</strong></span> <span class='ocrx_word' id='word_1_23' title='bbox 896 667 959 742; x_wconf 82' lang='grc'><strong>83.</strong></span> <span class='ocrx_word' id='word_1_24' title='bbox 995 668 1030 742; x_wconf 86' lang='lat' dir='ltr'><strong>b.</strong></span> <span class='ocrx_word' id='word_1_25' title='bbox 1055 670 1203 746; x_wconf 86' lang='lat' dir='ltr'><strong>aliter</strong></span> <span class='ocrx_word' id='word_1_26' title='bbox 1293 704 1297 718; x_wconf 94' lang='lat'>·</span> 
     </span>
    </p>
   </div>
   <div class='ocr_carea' id='block_1_4' title="bbox 127 788 1204 1853">
    <p class='ocr_par' dir='ltr' id='par_1_4' title="bbox 127 788 1204 1853">
     <span class='ocr_line' id='line_1_5' title="bbox 128 788 1204 891; baseline 0 -25"><span class='ocrx_word' id='word_1_27' title='bbox 128 788 481 891; x_wconf 75' lang='lat' dir='ltr'><strong>impartibilem</strong></span> <span class='ocrx_word' id='word_1_28' title='bbox 512 791 753 864; x_wconf 86' lang='lat' dir='ltr'><strong>unitatem</strong></span> <span class='ocrx_word' id='word_1_29' title='bbox 797 789 1134 881; x_wconf 76' lang='lat' dir='ltr'><strong>determinant,</strong></span> <span class='ocrx_word' id='word_1_30' title='bbox 1179 814 1204 866; x_wconf 86' lang='lat' dir='ltr'><strong>a</strong></span> 
     </span>
     <span class='ocr_line' id='line_1_6' title="bbox 128 905 1202 1010; baseline 0 -25"><span class='ocrx_word' id='word_1_31' title='bbox 128 934 217 1010; x_wconf 82' lang='lat' dir='ltr'><strong>qua</strong></span> <span class='ocrx_word' id='word_1_32' title='bbox 247 922 357 1009; x_wconf 89' lang='lat' dir='ltr'><strong>pest</strong></span> <span class='ocrx_word' id='word_1_33' title='bbox 385 907 609 1008; x_wconf 75' lang='lat' dir='ltr'><strong>presedit</strong></span> <span class='ocrx_word' id='word_1_34' title='bbox 642 932 863 985; x_wconf 86' lang='lat' dir='ltr'><strong>numerus</strong></span> <span class='ocrx_word' id='word_1_35' title='bbox 894 905 1032 988; x_wconf 85' lang='lat' dir='ltr'><strong>unius</strong></span> <span class='ocrx_word' id='word_1_36' title='bbox 1064 933 1118 983; x_wconf 87' lang='lat' dir='ltr'><strong>ex</strong></span> <span class='ocrx_word' id='word_1_37' title='bbox 1141 912 1202 985; x_wconf 82' lang='lat' dir='ltr'><strong>la-</strong></span> 
     </span>
     <span class='ocr_line' id='line_1_7' title="bbox 130 1029 1201 1123; baseline 0.002 -20"><span class='ocrx_word' id='word_1_38' title='bbox 130 1029 264 1104; x_wconf 82' lang='lat' dir='ltr'><strong>tebra</strong></span> <span class='ocrx_word' id='word_1_39' title='bbox 320 1042 541 1121; x_wconf 13' lang='lat' dir='ltr'><strong>areterna3</strong></span> <span class='ocrx_word' id='word_1_40' title='bbox 580 1031 750 1105; x_wconf 82' lang='lat' dir='ltr'><strong>aliter</strong></span> <span class='ocrx_word' id='word_1_41' title='bbox 799 1030 1201 1123; x_wconf 75' lang='lat' dir='ltr'><strong>intellectualem,</strong></span> 
     </span>
     <span class='ocr_line' id='line_1_8' title="bbox 127 1147 1201 1250; baseline -0.001 -24"><span class='ocrx_word' id='word_1_42' title='bbox 127 1173 258 1250; x_wconf 78' lang='lat' dir='ltr'><strong>quam</strong></span> <span class='ocrx_word' id='word_1_43' title='bbox 285 1147 517 1226; x_wconf 75' lang='lat' dir='ltr'><strong>etiosam</strong></span> <span class='ocrx_word' id='word_1_44' title='bbox 542 1149 781 1249; x_wconf 80' lang='lat' dir='ltr'><strong>appellari</strong></span> <span class='ocrx_word' id='word_1_45' title='bbox 806 1151 983 1228; x_wconf 81' lang='lat' dir='ltr'><strong>velunt</strong></span> <span class='ocrx_word' id='word_1_46' title='bbox 1016 1151 1083 1225; x_wconf 90' lang='lat' dir='ltr'><strong>De</strong></span> <span class='ocrx_word' id='word_1_47' title='bbox 1107 1154 1201 1250; x_wconf 89' lang='lat' dir='ltr'><strong>qui·</strong></span> 
     </span>
     <span class='ocr_line' id='line_1_9' title="bbox 130 1269 1202 1368; baseline -0.001 -22"><span class='ocrx_word' id='word_1_48' title='bbox 130 1271 216 1346; x_wconf 81' lang='lat' dir='ltr'><strong>hus</strong></span> <span class='ocrx_word' id='word_1_49' title='bbox 248 1269 387 1344; x_wconf 85' lang='lat' dir='ltr'><strong>multi</strong></span> <span class='ocrx_word' id='word_1_50' title='bbox 417 1269 604 1368; x_wconf 89' lang='lat' dir='ltr'><strong>quidem</strong></span> <span class='ocrx_word' id='word_1_51' title='bbox 630 1282 843 1346; x_wconf 87' lang='lat' dir='ltr'><strong>veterum</strong></span> <span class='ocrx_word' id='word_1_52' title='bbox 870 1270 1202 1345; x_wconf 75' lang='lat' dir='ltr'><strong>disseruerunt</strong></span> 
     </span>
     <span class='ocr_line' id='line_1_10' title="bbox 128 1390 1200 1489; baseline 0.001 -25"><span class='ocrx_word' id='word_1_53' title='bbox 128 1436 182 1486; x_wconf 60' lang='lat'><strong>7-</strong></span> <span class='ocrx_word' id='word_1_54' title='bbox 207 1435 259 1450; x_wconf 84' lang='lat'><em>-</em></span> <span class='ocrx_word' id='word_1_55' title='bbox 291 1390 342 1464; x_wconf 81' lang='lat' dir='ltr'><strong>si</strong></span> <span class='ocrx_word' id='word_1_56' title='bbox 368 1392 473 1489; x_wconf 81' lang='lat' dir='ltr'><strong>quis</strong></span> <span class='ocrx_word' id='word_1_57' title='bbox 497 1411 615 1466; x_wconf 84' lang='lat' dir='ltr'><strong>veru</strong></span> <span class='ocrx_word' id='word_1_58' title='bbox 640 1413 827 1465; x_wconf 76' lang='lat' dir='ltr'><strong>eaerum</strong></span> <span class='ocrx_word' id='word_1_59' title='bbox 852 1392 1007 1489; x_wconf 88' lang='lat' dir='ltr'><strong>ipsum</strong></span> <span class='ocrx_word' id='word_1_60' title='bbox 1034 1390 1200 1486; x_wconf 85' lang='lat' dir='ltr'><strong>Pytha·</strong></span> 
     </span>
     <span class='ocr_line' id='line_1_11' title="bbox 130 1493 1200 1611; baseline 0.002 -27"><span class='ocrx_word' id='word_1_61' title='bbox 130 1534 269 1609; x_wconf 78' lang='lat' dir='ltr'><strong>geras</strong></span> <span class='ocrx_word' id='word_1_62' title='bbox 292 1533 552 1586; x_wconf 84' lang='lat' dir='ltr'><strong>sermenem</strong></span> <span class='ocrx_word' id='word_1_63' title='bbox 578 1512 806 1611; x_wconf 80' lang='lat' dir='ltr'><strong>sensaqui</strong></span> <span class='ocrx_word' id='word_1_64' title='bbox 831 1522 1016 1610; x_wconf 86' lang='lat' dir='ltr'><strong>posset,</strong></span> <span class='ocrx_word' id='word_1_65' title='bbox 1043 1493 1200 1586; x_wconf 59' lang='lat' dir='ltr'><strong>em&#39;nes</strong></span> 
     </span>
     <span class='ocr_line' id='line_1_12' title="bbox 129 1631 1202 1720; baseline 0.001 -14"><span class='ocrx_word' id='word_1_66' title='bbox 129 1632 199 1706; x_wconf 85' lang='lat' dir='ltr'><strong>ihi</strong></span> <span class='ocrx_word' id='word_1_67' title='bbox 225 1633 450 1706; x_wconf 81' lang='lat' dir='ltr'><strong>inveniet</strong></span> <span class='ocrx_word' id='word_1_68' title='bbox 480 1631 675 1706; x_wconf 86' lang='lat' dir='ltr'><strong>ordines</strong></span> <span class='ocrx_word' id='word_1_69' title='bbox 709 1645 756 1720; x_wconf 84' lang='lat' dir='ltr'><strong>et</strong></span> <span class='ocrx_word' id='word_1_70' title='bbox 787 1634 1022 1707; x_wconf 90' lang='lat' dir='ltr'><strong>unitatum</strong></span> <span class='ocrx_word' id='word_1_71' title='bbox 1055 1644 1101 1706; x_wconf 91' lang='lat' dir='ltr'><strong>et</strong></span> <span class='ocrx_word' id='word_1_72' title='bbox 1125 1656 1202 1707; x_wconf 90' lang='lat' dir='ltr'><strong>nu·</strong></span> 
     </span>
     <span class='ocr_line' id='line_1_13' title="bbox 130 1733 1199 1853; baseline -0.001 -25"><span class='ocrx_word' id='word_1_73' title='bbox 130 1759 359 1828; x_wconf 73' lang='lat' dir='ltr'><strong>merbrum</strong></span> <span class='ocrx_word' id='word_1_74' title='bbox 386 1750 444 1825; x_wconf 83' lang='lat' dir='ltr'><strong>ad</strong></span> <span class='ocrx_word' id='word_1_75' title='bbox 468 1775 664 1849; x_wconf 79' lang='lat' dir='ltr'><strong>unguem</strong></span> <span class='ocrx_word' id='word_1_76' title='bbox 690 1733 924 1827; x_wconf 85' lang='lat' dir='ltr'><strong>laudatos.</strong></span> <span class='ocrx_word' id='word_1_77' title='bbox 951 1766 989 1827; x_wconf 88' lang='lat' dir='ltr'><strong>et</strong></span> <span class='ocrx_word' id='word_1_78' title='bbox 1013 1777 1051 1853; x_wconf 90' lang='lat' dir='ltr'><strong>p.</strong></span> <span class='ocrx_word' id='word_1_79' title='bbox 1076 1754 1138 1826; x_wconf 83' lang='lat'><strong>71.</strong></span> <span class='ocrx_word' id='word_1_80' title='bbox 1163 1753 1199 1828; x_wconf 90' lang='lat' dir='ltr'><strong>h.</strong></span> 
     </span>
    </p>
   </div>
   <div class='ocr_carea' id='block_1_5' title="bbox 131 1872 1345 1971">
    <p class='ocr_par' dir='ltr' id='par_1_5' title="bbox 131 1872 1345 1971">
     <span class='ocr_line' id='line_1_14' title="bbox 131 1872 1345 1971; baseline 0.002 -25"><span class='ocrx_word' id='word_1_81' title='bbox 131 1872 420 1968; x_wconf 77' lang='lat' dir='ltr'><strong>Pythagoras</strong></span> <span class='ocrx_word' id='word_1_82' title='bbox 445 1874 621 1971; x_wconf 90' lang='lat' dir='ltr'><strong>ipsein</strong></span> <span class='ocrx_word' id='word_1_83' title='bbox 646 1895 778 1947; x_wconf 86' lang='lat' dir='ltr'><strong>sacru</strong></span> <span class='ocrx_word' id='word_1_84' title='bbox 799 1895 1010 1947; x_wconf 79' lang='lat' dir='ltr'><strong>sermone</strong></span> <span class='ocrx_word' id='word_1_85' title='bbox 1028 1874 1199 1948; x_wconf 83' lang='lat' dir='ltr'><strong>serma-</strong></span> <span class='ocrx_word' id='word_1_86' title='bbox 1340 1925 1345 1930; x_wconf 35' lang='grc' dir='ltr'><strong><em>ι</em></strong></span> 
     </span>
    </p>
   </div>
   <div class='ocr_carea' id='block_1_6' title="bbox 128 1991 1290 2214">
    <p class='ocr_par' dir='ltr' id='par_1_6' title="bbox 128 1991 1290 2214">
     <span class='ocr_line' id='line_1_15' title="bbox 129 1991 1199 2082; baseline 0 -14"><span class='ocrx_word' id='word_1_87' title='bbox 129 2016 229 2068; x_wconf 89' lang='lat' dir='ltr'><strong>rum</strong></span> <span class='ocrx_word' id='word_1_88' title='bbox 254 2003 301 2065; x_wconf 89' lang='lat' dir='ltr'><strong>et</strong></span> <span class='ocrx_word' id='word_1_89' title='bbox 325 1991 535 2067; x_wconf 81' lang='lat' dir='ltr'><strong>idearum</strong></span> <span class='ocrx_word' id='word_1_90' title='bbox 561 1992 927 2082; x_wconf 78' lang='lat' dir='ltr'><strong>domiuumesse</strong></span> <span class='ocrx_word' id='word_1_91' title='bbox 957 2015 1199 2068; x_wconf 92' lang='lat' dir='ltr'><strong>numerum</strong></span> 
     </span>
     <span class='ocr_line' id='line_1_16' title="bbox 128 2111 1290 2214; baseline 0.003 -27"><span class='ocrx_word' id='word_1_92' title='bbox 128 2117 282 2214; x_wconf 89' lang='lat' dir='ltr'><strong>ipsum</strong></span> <span class='ocrx_word' id='word_1_93' title='bbox 308 2112 440 2189; x_wconf 81' lang='lat' dir='ltr'><strong>dixit</strong></span> <span class='ocrx_word' id='word_1_94' title='bbox 465 2113 577 2188; x_wconf 84' lang='lat' dir='ltr'><strong>Hunc</strong></span> <span class='ocrx_word' id='word_1_95' title='bbox 594 2137 685 2189; x_wconf 88' lang='lat' dir='ltr'><strong>vere</strong></span> <span class='ocrx_word' id='word_1_96' title='bbox 705 2116 842 2190; x_wconf 84' lang='lat' dir='ltr'><strong>librum</strong></span> <span class='ocrx_word' id='word_1_97' title='bbox 861 2112 1045 2212; x_wconf 83' lang='lat' dir='ltr'><strong>Orphicae</strong></span> <span class='ocrx_word' id='word_1_98' title='bbox 1064 2111 1200 2189; x_wconf 85' lang='lat' dir='ltr'><strong>ductri-</strong></span> <span class='ocrx_word' id='word_1_99' title='bbox 1253 2163 1257 2168; x_wconf 94' lang='lat'>-</span> <span class='ocrx_word' id='word_1_100' title='bbox 1281 2181 1290 2190; x_wconf 78' lang='grc'>,</span> 
     </span>
    </p>
   </div>
   <div class='ocr_carea' id='block_1_7' title="bbox 8 2217 1363 2333">
    <p class='ocr_par' dir='ltr' id='par_1_7' title="bbox 8 2217 1363 2333">
     <span class='ocr_line' id='line_1_17' title="bbox 8 2217 1363 2333; baseline 0 -25"><span class='ocrx_word' id='word_1_101' title='bbox 8 2245 20 2262; x_wconf 88' lang='grc'><strong><em>’</em></strong></span> <span class='ocrx_word' id='word_1_102' title='bbox 129 2217 202 2333; x_wconf 80' lang='lat' dir='ltr'><strong>hae</strong></span> <span class='ocrx_word' id='word_1_103' title='bbox 224 2257 408 2311; x_wconf 87' lang='lat' dir='ltr'><strong>summam</strong></span> <span class='ocrx_word' id='word_1_104' title='bbox 430 2235 617 2320; x_wconf 75' lang='lat' dir='ltr'><strong>continere</strong></span> <span class='ocrx_word' id='word_1_105' title='bbox 642 2249 722 2314; x_wconf 86' lang='lat' dir='ltr'><strong>tum</strong></span> <span class='ocrx_word' id='word_1_106' title='bbox 746 2247 875 2308; x_wconf 81' lang='lat' dir='ltr'><strong>auctor</strong></span> <span class='ocrx_word' id='word_1_107' title='bbox 896 2235 1201 2329; x_wconf 86' lang='lat' dir='ltr'><strong>ejuslirmissime</strong></span> <span class='ocrx_word' id='word_1_108' title='bbox 1359 2255 1363 2260; x_wconf 88' lang='grc'><strong><em>·</em></strong></span> 
     </span>
    </p>
   </div>
   <div class='ocr_carea' id='block_1_8' title="bbox 46 2347 1204 4014">
    <p class='ocr_par' dir='ltr' id='par_1_8' title="bbox 46 2347 1204 4014">
     <span class='ocr_line' id='line_1_18' title="bbox 132 2347 1201 2454; baseline 0.004 -25"><span class='ocrx_word' id='word_1_109' title='bbox 132 2347 339 2446; x_wconf 73' lang='lat' dir='ltr'><strong>uurtendit,</strong></span> <span class='ocrx_word' id='word_1_110' title='bbox 360 2366 452 2429; x_wconf 76' lang='lat' dir='ltr'><strong>tum</strong></span> <span class='ocrx_word' id='word_1_111' title='bbox 484 2354 568 2428; x_wconf 89' lang='lat' dir='ltr'><strong>aliis</strong></span> <span class='ocrx_word' id='word_1_112' title='bbox 600 2376 820 2454; x_wconf 84' lang='lat' dir='ltr'><strong>persuasum</strong></span> <span class='ocrx_word' id='word_1_113' title='bbox 845 2366 921 2446; x_wconf 88' lang='lat' dir='ltr'><strong>est,</strong></span> <span class='ocrx_word' id='word_1_114' title='bbox 948 2355 999 2442; x_wconf 81' lang='grc' dir='ltr'><strong>ὥς</strong></span> <span class='ocrx_word' id='word_1_115' title='bbox 1022 2364 1089 2453; x_wconf 80' lang='grc' dir='ltr'><strong>τῆς</strong></span> <span class='ocrx_word' id='word_1_116' title='bbox 1114 2361 1201 2433; x_wconf 85' lang='grc' dir='ltr'><strong>Πυ-</strong></span> 
     </span>
     <span class='ocr_line' id='line_1_19' title="bbox 129 2473 1201 2583; baseline -0.002 -30"><span class='ocrx_word' id='word_1_117' title='bbox 129 2481 337 2581; x_wconf 72' lang='grc' dir='ltr'><em>θαγορικῆς</em></span> <span class='ocrx_word' id='word_1_118' title='bbox 386 2478 471 2553; x_wconf 77' lang='grc' dir='ltr'>κατ’</span> <span class='ocrx_word' id='word_1_119' title='bbox 513 2477 684 2574; x_wconf 71' lang='grc' dir='ltr'>ἀριθμὸν</span> <span class='ocrx_word' id='word_1_120' title='bbox 720 2477 921 2583; x_wconf 73' lang='grc' dir='ltr'><strong><em>θεολογίας</em></strong></span> <span class='ocrx_word' id='word_1_121' title='bbox 961 2473 1201 2580; x_wconf 74' lang='grc' dir='ltr'><em>παράδειγμα</em></span> 
     </span>
     <span class='ocr_line' id='line_1_20' title="bbox 132 2593 1201 2700; baseline -0.007 -25"><span class='ocrx_word' id='word_1_122' title='bbox 132 2594 284 2700; x_wconf 62' lang='grc' dir='ltr'><strong>ἐναργὲς</strong></span> <span class='ocrx_word' id='word_1_123' title='bbox 317 2598 430 2675; x_wconf 60' lang='lat' dir='ltr'><strong>&amp;erce</strong></span> <span class='ocrx_word' id='word_1_124' title='bbox 463 2600 505 2675; x_wconf 72' lang='grc' dir='ltr'><strong>ἐν</strong></span> <span class='ocrx_word' id='word_1_125' title='bbox 532 2598 665 2696; x_wconf 74' lang='grc' dir='ltr'><em>Ὀρφεῖ</em></span> <span class='ocrx_word' id='word_1_126' title='bbox 695 2594 828 2671; x_wconf 81' lang='lat' dir='ltr'><strong>lambi.</strong></span> <span class='ocrx_word' id='word_1_127' title='bbox 860 2597 885 2669; x_wconf 91' lang='grc' dir='ltr'><strong>Ι.</strong></span> <span class='ocrx_word' id='word_1_128' title='bbox 918 2618 948 2668; x_wconf 79' lang='lat' dir='ltr'><strong>e.</strong></span> <span class='ocrx_word' id='word_1_129' title='bbox 978 2618 1028 2693; x_wconf 57' lang='lat' dir='ltr'><strong>p„</strong></span> <span class='ocrx_word' id='word_1_130' title='bbox 1044 2594 1130 2670; x_wconf 80' lang='lat'>304.</span> <span class='ocrx_word' id='word_1_131' title='bbox 1156 2593 1201 2669; x_wconf 82' lang='lat' dir='ltr'><strong>ci.</strong></span> 
     </span>
     <span class='ocr_line' id='line_1_21' title="bbox 135 2712 1201 2810; baseline -0.002 -19"><span class='ocrx_word' id='word_1_132' title='bbox 135 2717 304 2791; x_wconf 66' lang='lat' dir='ltr'><strong>numu.</strong></span> <span class='ocrx_word' id='word_1_133' title='bbox 334 2715 386 2789; x_wconf 60' lang='grc' dir='ltr'><strong>«ιο</strong></span> <span class='ocrx_word' id='word_1_134' title='bbox 420 2712 546 2789; x_wconf 67' lang='lat' dir='ltr'><strong>sonet.</strong></span> <span class='ocrx_word' id='word_1_135' title='bbox 566 2716 664 2790; x_wconf 78' lang='lat' dir='ltr'><strong>nnn</strong></span> <span class='ocrx_word' id='word_1_136' title='bbox 691 2715 833 2799; x_wconf 49' lang='lat' dir='ltr'><strong>nne</strong></span> <span class='ocrx_word' id='word_1_137' title='bbox 859 2715 926 2790; x_wconf 83' lang='lat' dir='ltr'><strong>1x.</strong></span> <span class='ocrx_word' id='word_1_138' title='bbox 952 2712 1014 2789; x_wconf 80' lang='lat' dir='ltr'><strong>ss.</strong></span> <span class='ocrx_word' id='word_1_139' title='bbox 1065 2716 1201 2810; x_wconf 75' lang='lat' dir='ltr'><strong>eyna-</strong></span> 
     </span>
     <span class='ocr_line' id='line_1_22' title="bbox 132 2834 1202 2935; baseline -0.002 -24"><span class='ocrx_word' id='word_1_140' title='bbox 132 2859 332 2935; x_wconf 78' lang='lat' dir='ltr'><strong>geramque</strong></span> <span class='ocrx_word' id='word_1_141' title='bbox 362 2838 487 2934; x_wconf 92' lang='lat' dir='ltr'><strong>ipsum</strong></span> <span class='ocrx_word' id='word_1_142' title='bbox 511 2834 607 2909; x_wconf 86' lang='lat' dir='ltr'><strong>libre</strong></span> <span class='ocrx_word' id='word_1_143' title='bbox 633 2859 703 2923; x_wconf 81' lang='lat' dir='ltr'><strong>suo</strong></span> <span class='ocrx_word' id='word_1_144' title='bbox 729 2836 777 2912; x_wconf 87' lang='lat' dir='ltr'><strong>de</strong></span> <span class='ocrx_word' id='word_1_145' title='bbox 803 2836 876 2911; x_wconf 84' lang='lat' dir='ltr'><strong>diis</strong></span> <span class='ocrx_word' id='word_1_146' title='bbox 901 2838 1040 2934; x_wconf 83' lang='lat' dir='ltr'><strong>stm&#39;ptu</strong></span> <span class='ocrx_word' id='word_1_147' title='bbox 1065 2857 1202 2910; x_wconf 88' lang='lat' dir='ltr'><strong>neman</strong></span> 
     </span>
     <span class='ocr_line' id='line_1_23' title="bbox 130 2956 1202 3063; baseline -0.001 -30"><span class='ocrx_word' id='word_1_148' title='bbox 130 2960 242 3059; x_wconf 77' lang='grc' dir='ltr'><em>Ἱερσῦ</em></span> <span class='ocrx_word' id='word_1_149' title='bbox 277 2956 389 3063; x_wconf 72' lang='grc' dir='ltr'><em>λόγου</em></span> <span class='ocrx_word' id='word_1_150' title='bbox 423 2958 665 3054; x_wconf 70' lang='lat' dir='ltr'><strong>imposuisse,</strong></span> <span class='ocrx_word' id='word_1_151' title='bbox 701 2958 752 3043; x_wconf 83' lang='grc' dir='ltr'><strong>ὥς</strong></span> <span class='ocrx_word' id='word_1_152' title='bbox 775 2957 829 3035; x_wconf 74' lang='grc' dir='ltr'><strong>’ἄν</strong></span> <span class='ocrx_word' id='word_1_153' title='bbox 854 2962 895 3033; x_wconf 78' lang='grc' dir='ltr'><strong>ἐκ</strong></span> <span class='ocrx_word' id='word_1_154' title='bbox 918 2966 987 3033; x_wconf 85' lang='grc' dir='ltr'><strong>τοῦ</strong></span> <span class='ocrx_word' id='word_1_155' title='bbox 1012 2981 1202 3055; x_wconf 78' lang='grc' dir='ltr'><strong><em>μυστικω-</em></strong></span> 
     </span>
     <span class='ocr_line' id='line_1_24' title="bbox 132 3072 1202 3176; baseline -0.005 -24"><span class='ocrx_word' id='word_1_156' title='bbox 132 3074 249 3154; x_wconf 81' lang='grc' dir='ltr'><em>τάτου</em></span> <span class='ocrx_word' id='word_1_157' title='bbox 285 3077 555 3175; x_wconf 75' lang='grc' dir='ltr'><em>ἄπηνθισμὲνῳ</em></span> <span class='ocrx_word' id='word_1_158' title='bbox 587 3079 673 3175; x_wconf 73' lang='grc' dir='ltr'><strong><em>παρ’</em></strong></span> <span class='ocrx_word' id='word_1_159' title='bbox 705 3079 839 3176; x_wconf 77' lang='grc' dir='ltr'><strong>’ορφεῖ</strong></span> <span class='ocrx_word' id='word_1_160' title='bbox 860 3073 990 3151; x_wconf 85' lang='grc' dir='ltr'><strong><em>τόπου.</em></strong></span> <span class='ocrx_word' id='word_1_161' title='bbox 1017 3072 1117 3147; x_wconf 86' lang='lat' dir='ltr'><strong>unde</strong></span> <span class='ocrx_word' id='word_1_162' title='bbox 1141 3098 1202 3148; x_wconf 86' lang='lat' dir='ltr'><strong>su·-</strong></span> 
     </span>
     <span class='ocr_line' id='line_1_25' title="bbox 132 3193 1201 3295; baseline 0 -26"><span class='ocrx_word' id='word_1_163' title='bbox 132 3197 270 3294; x_wconf 88' lang='lat' dir='ltr'><strong>spieari</strong></span> <span class='ocrx_word' id='word_1_164' title='bbox 302 3195 389 3268; x_wconf 86' lang='lat' dir='ltr'><strong>lieet</strong></span> <span class='ocrx_word' id='word_1_165' title='bbox 420 3193 603 3269; x_wconf 86' lang='lat' dir='ltr'><strong>voeabula</strong></span> <span class='ocrx_word' id='word_1_166' title='bbox 634 3196 708 3268; x_wconf 88' lang='lat' dir='ltr'><strong>ista</strong></span> <span class='ocrx_word' id='word_1_167' title='bbox 740 3195 964 3294; x_wconf 76' lang='grc' dir='ltr'><strong><em>κλᾳδοῦχος,</em></strong></span> <span class='ocrx_word' id='word_1_168' title='bbox 1004 3202 1201 3295; x_wconf 66' lang='grc' dir='ltr'><strong><em>Κουρῆτις,</em></strong></span> 
     </span>
     <span class='ocr_line' id='line_1_26' title="bbox 132 3300 1203 3416; baseline -0.007 -21"><span class='ocrx_word' id='word_1_169' title='bbox 132 3319 366 3416; x_wconf 62' lang='lat' dir='ltr'><strong>ueterrima,</strong></span> <span class='ocrx_word' id='word_1_170' title='bbox 399 3300 476 3385; x_wconf 86' lang='lat' dir='ltr'><strong>nun</strong></span> <span class='ocrx_word' id='word_1_171' title='bbox 508 3336 553 3386; x_wconf 89' lang='lat' dir='ltr'><strong>ex</strong></span> <span class='ocrx_word' id='word_1_172' title='bbox 573 3313 729 3412; x_wconf 66' lang='lat' dir='ltr'><strong>vOrphei</strong></span> <span class='ocrx_word' id='word_1_173' title='bbox 761 3311 923 3411; x_wconf 88' lang='lat' dir='ltr'><strong>quedam</strong></span> <span class='ocrx_word' id='word_1_174' title='bbox 949 3314 1110 3403; x_wconf 73' lang='lat' dir='ltr'><strong>earmina</strong></span> <span class='ocrx_word' id='word_1_175' title='bbox 1134 3313 1203 3387; x_wconf 88' lang='lat' dir='ltr'><strong>sed</strong></span> 
     </span>
     <span class='ocr_line' id='line_1_27' title="bbox 133 3432 1204 3533; baseline -0.004 -22"><span class='ocrx_word' id='word_1_176' title='bbox 133 3461 181 3511; x_wconf 86' lang='lat' dir='ltr'><strong>ex</strong></span> <span class='ocrx_word' id='word_1_177' title='bbox 211 3439 282 3510; x_wconf 85' lang='lat' dir='ltr'><strong>hec</strong></span> <span class='ocrx_word' id='word_1_178' title='bbox 316 3456 487 3508; x_wconf 77' lang='lat' dir='ltr'><strong>sermone</strong></span> <span class='ocrx_word' id='word_1_179' title='bbox 510 3455 615 3507; x_wconf 81' lang='lat' dir='ltr'><strong>sacre</strong></span> <span class='ocrx_word' id='word_1_180' title='bbox 641 3432 827 3508; x_wconf 86' lang='lat' dir='ltr'><strong>Libethris</strong></span> <span class='ocrx_word' id='word_1_181' title='bbox 852 3443 1002 3530; x_wconf 75' lang='lat' dir='ltr'><strong>sarapte</strong></span> <span class='ocrx_word' id='word_1_182' title='bbox 1028 3432 1204 3533; x_wconf 81' lang='lat' dir='ltr'><strong>deserpta</strong></span> 
     </span>
     <span class='ocr_line' id='line_1_28' title="bbox 134 3552 1202 3655; baseline -0.005 -24"><span class='ocrx_word' id='word_1_183' title='bbox 134 3580 234 3646; x_wconf 82' lang='lat' dir='ltr'><strong>essa,</strong></span> <span class='ocrx_word' id='word_1_184' title='bbox 271 3566 382 3655; x_wconf 76' lang='lat' dir='ltr'><strong>atque</strong></span> <span class='ocrx_word' id='word_1_185' title='bbox 413 3556 537 3653; x_wconf 88' lang='lat' dir='ltr'><strong>ipsum</strong></span> <span class='ocrx_word' id='word_1_186' title='bbox 570 3552 719 3643; x_wconf 88' lang='lat' dir='ltr'><strong>lenem,</strong></span> <span class='ocrx_word' id='word_1_187' title='bbox 755 3576 868 3651; x_wconf 85' lang='lat' dir='ltr'><strong>quum</strong></span> <span class='ocrx_word' id='word_1_188' title='bbox 902 3553 1041 3629; x_wconf 83' lang='lat' dir='ltr'><strong>(liceret</strong></span> <span class='ocrx_word' id='word_1_189' title='bbox 1066 3554 1202 3649; x_wconf 84' lang='lat' dir='ltr'><strong>Pytha·</strong></span> 
     </span>
     <span class='ocr_line' id='line_1_29' title="bbox 133 3664 1202 3783; baseline -0.005 -33"><span class='ocrx_word' id='word_1_190' title='bbox 133 3679 355 3778; x_wconf 74' lang='lat' dir='ltr'><strong>gurani‘rra</strong></span> <span class='ocrx_word' id='word_1_191' title='bbox 380 3674 591 3774; x_wconf 73' lang='grc' dir='ltr'><strong><em>εἰς-Ὀρφέα</em></strong></span> <span class='ocrx_word' id='word_1_192' title='bbox 612 3664 835 3779; x_wconf 67' lang='lat' dir='ltr'><strong>eireusyxris,</strong></span> <span class='ocrx_word' id='word_1_193' title='bbox 860 3675 959 3748; x_wconf 86' lang='lat' dir='ltr'><strong>hune</strong></span> <span class='ocrx_word' id='word_1_194' title='bbox 978 3676 1202 3783; x_wconf 76' lang='lat' dir='ltr'><strong>significasse</strong></span> 
     </span>
     <span class='ocr_line' id='line_1_30' title="bbox 46 3791 1202 3900; baseline -0.005 -26"><span class='ocrx_word' id='word_1_195' title='bbox 46 3877 49 3881; x_wconf 67' lang='grc'>,</span> <span class='ocrx_word' id='word_1_196' title='bbox 135 3796 237 3895; x_wconf 75' lang='grc' dir='ltr'><strong><em>ἱερὸν</em></strong></span> <span class='ocrx_word' id='word_1_197' title='bbox 277 3793 409 3900; x_wconf 78' lang='grc' dir='ltr'><em>λόγον,</em></span> <span class='ocrx_word' id='word_1_198' title='bbox 449 3794 579 3892; x_wconf 84' lang='lat' dir='ltr'><strong>hisque</strong></span> <span class='ocrx_word' id='word_1_199' title='bbox 619 3791 745 3869; x_wconf 86' lang='lat' dir='ltr'><strong>verbis</strong></span> <span class='ocrx_word' id='word_1_200' title='bbox 776 3816 853 3869; x_wconf 87' lang='lat' dir='ltr'><strong>nen</strong></span> <span class='ocrx_word' id='word_1_201' title='bbox 883 3792 979 3867; x_wconf 87' lang='lat' dir='ltr'><strong>illud</strong></span> <span class='ocrx_word' id='word_1_202' title='bbox 1012 3792 1202 3883; x_wconf 83' lang='lat' dir='ltr'><strong>declarari,</strong></span> 
     </span>
     <span class='ocr_line' id='line_1_31' title="bbox 134 3912 1202 4014; baseline 0.001 -26"><span class='ocrx_word' id='word_1_203' title='bbox 134 3913 235 4014; x_wconf 82' lang='lat' dir='ltr'><strong>qued</strong></span> <span class='ocrx_word' id='word_1_204' title='bbox 274 3914 387 4010; x_wconf 69' lang='lat' dir='ltr'><strong>irrigo</strong></span> <span class='ocrx_word' id='word_1_205' title='bbox 418 3924 570 4014; x_wconf 89' lang='lat' dir='ltr'><strong>putant,</strong></span> <span class='ocrx_word' id='word_1_206' title='bbox 609 3914 817 3989; x_wconf 83' lang='lat' dir='ltr'><strong>Mnesarchi</strong></span> <span class='ocrx_word' id='word_1_207' title='bbox 848 3914 966 3987; x_wconf 84' lang='lat' dir='ltr'><strong>lilium</strong></span> <span class='ocrx_word' id='word_1_208' title='bbox 998 3912 1095 3986; x_wconf 88' lang='lat' dir='ltr'><strong>libre</strong></span> <span class='ocrx_word' id='word_1_209' title='bbox 1126 3915 1202 3989; x_wconf 84' lang='lat' dir='ltr'><strong>eui·</strong></span> 
     </span>
    </p>
   </div>
   <div class='ocr_carea' id='block_1_9' title="bbox 118 4032 1202 4157">
    <p class='ocr_par' dir='ltr' id='par_1_9' title="bbox 118 4032 1202 4157">
     <span class='ocr_line' id='line_1_32' title="bbox 118 4032 1202 4157; baseline -0.004 -46"><span class='ocrx_word' id='word_1_210' title='bbox 118 4034 221 4129; x_wconf 83' lang='lat' dir='ltr'><strong>¹darn</strong></span> <span class='ocrx_word' id='word_1_211' title='bbox 253 4058 323 4111; x_wconf 87' lang='lat' dir='ltr'><strong>sue</strong></span> <span class='ocrx_word' id='word_1_212' title='bbox 348 4035 503 4117; x_wconf 81' lang='lat' dir='ltr'><strong>subdole</strong></span> <span class='ocrx_word' id='word_1_213' title='bbox 529 4035 668 4136; x_wconf 83' lang='lat' dir='ltr'><strong>Orphei</strong></span> <span class='ocrx_word' id='word_1_214' title='bbox 693 4059 830 4110; x_wconf 87' lang='lat' dir='ltr'><strong>numen</strong></span> <span class='ocrx_word' id='word_1_215' title='bbox 855 4034 1101 4157; x_wconf 83' lang='lat' dir='ltr'><strong>inseripsisse,</strong></span> <span class='ocrx_word' id='word_1_216' title='bbox 1134 4032 1202 4107; x_wconf 83' lang='lat' dir='ltr'><strong>sed</strong></span> 
     </span>
    </p>
   </div>
   <div class='ocr_carea' id='block_1_10' title="bbox 0 0 1460 4825">
    <p class='ocr_par' dir='ltr' id='par_1_10' title="bbox 0 0 1460 4825">
     <span class='ocr_line' id='line_1_33' title="bbox 0 0 1460 4825; baseline 0 0"><span class='ocrx_word' id='word_1_217' title='bbox 0 0 1460 4825; x_wconf 95' lang='lat' dir='ltr'><strong> </strong></span> 
     </span>
    </p>
   </div>
  </div>
 </body>
</html>
