2909 4825
241 228 293 304 84
599 239 743 293 LIBER
768 236 955 294 PRIMUS.

246 400 334 475 dem
358 395 607 498 suspicionem
633 398 787 495 praehet
807 398 1023 473 Athenaeus
1048 399 1077 471 1.
1096 395 1158 472 al:
1178 399 1223 471 R
1248 407 1320 476 Ata

244 520 378 620 σχῦλος
403 526 524 621 ἐξεῦρε
549 520 620 616 τὴν
638 529 703 615 τῆς
718 529 850 615 στολῆς
867 523 1086 620 εὐπρέπειαν
1106 520 1171 595 καὶ
1184 517 1319 618 σεμνά*

242 661 356 740 tyra,
389 644 438 738 ἣν
470 637 699 735 ζηλώσαντες
732 642 768 714 οἱ
800 637 1018 742 ἱεροφάνται
1049 641 1114 715 καὶ
1137 640 1320 737 δᾳδοῦχοι

244 764 527 864 ἀμφιέννυνται.
561 782 632 856 pro
657 780 729 855 quo
758 761 811 830 sic
835 763 966 856 potius
990 757 1194 847 dicendum
1214 759 1319 834 vide

242 894 323 973 tur,
348 880 591 974 Aeschylum,
619 879 782 973 choragii
806 882 940 952 scenici
964 882 1242 969 instructorem
1260 899 1319 952 ss·

244 1002 467 1076 cerdotalem
494 998 664 1072 habitum
691 996 741 1070 ad
766 1021 913 1072 scenam
939 1000 1180 1073 transmlisse.
1222 996 1319 1071 Nam

243 1121 418 1204 diadema
459 1131 497 1192 et
535 1140 703 1217 purpura
740 1130 869 1193 vetera
905 1118 1055 1192 luemnt
1086 1113 1319 1193 sacerdotum

244 1243 415 1336 insignite
442 1239 576 1336 quibus
602 1237 739 1311 deinde
765 1261 893 1313 omnes
918 1241 982 1336 qui
1007 1242 1046 1312 in
1074 1239 1172 1313 ludis
1198 1238 1320 1336 publi·

240 1364 299 1435 cis
332 1373 370 1432 et
389 1363 391 1369 '
401 1363 553 1458 pompis
588 1381 779 1437 sacrorum
812 1358 1022 1455 prodirent,
1049 1361 1109 1432 usi
1133 1371 1239 1448 sunt,
1264 1357 1320 1431 hi·
1418 1392 1424 1400 ·

143 1547 144 1554 ,
245 1483 416 1568 strioues,
442 1478 632 1578 rhapsodi,
660 1477 873 1551 citharoedi.
1309 1519 1313 1528 ·

347 1599 453 1677 Haec
492 1599 565 1670 luit
582 1609 726 1671 [nostra
760 1597 807 1670 dc
839 1598 1015 1693 Aeschyli
1048 1601 1213 1673 crimine
1234 1620 1321 1671 con·

241 1724 403 1817 jecmra,
429 1721 462 1791 si
488 1720 611 1791 minus
637 1741 747 1807 vera,
782 1729 880 1791 certe
904 1719 997 1791 nulli
1024 1727 1192 1793 veterum
1217 1720 1321 1792 testi·

245 1843 456 1941 moniorum
490 1841 694 1928 contraria,
737 1837 797 1909 De
823 1860 896 1935 qua
922 1852 1107 1935 utcunque
1133 1839 1321 1912 mistim
1387 1911 1391 1919 .

247 1961 365 2050 bitur,
390 1957 484 2033 illud
511 1957 663 2055 quidem
689 1980 800 2031 nemo
827 1958 1249 2057 amplius‘impetrabiss
1279 1972 1323 2036 ut

245 2081 470 2176 Aeschylum
483 2077 826 2175 Hierophentarum
852 2077 1000 2152 decreta
1018 2078 1215 2154 denatura
1234 2079 1323 2152 deo·

247 2223 332 2275 rum
359 2200 553 2294 evulgasse
576 2198 685 2272 nohis
712 2197 948 2297 persuadeat.

712 2457 745 2548 s.
801 2457 857 2528 13.
904 2482 906 2485 v

341 2673 432 2748 'Sed
457 2677 572 2747 instet
592 2674 725 2769 aliquis
746 2689 783 2749 et
802 2691 906 2773 urget
923 2680 1121 2752 intentius:
1144 2677 1219 2753 Cur
1237 2702 1323 2774 ergo

151 2792 157 2800 ’
250 2796 316 2870 ille
340 2794 553 2869 Aristotelis
586 2796 768 2893 interpres
800 2796 1027 2891 Aeschylum
1061 2799 1161 2871 dicit
1184 2798 1232 2872 de
1258 2797 1325 2872 Ce—

247 2939 333 2989 rere
358 2912 747 3015 μυστικώτερόνῐτινα
768 2923 894 3006 εἰπεῖν,
921 2920 954 2989 si
979 2920 1072 2991 nihil
1099 2918 1153 2994 de.
1171 2919 1326 2995 houden

57 3136 64 3155 ο
142 3015 148 3037 ’
250 3037 292 3109 in
324 3024 511 3129 mysteriis
543 3035 740 3108 sublimius
772 3035 951 3109 traditum
984 3040 1065 3114 esti
1100 3035 1175 3111 Cur
1205 3038 1325 3112 Hera·

254 3154 367 3229 clides
387 3155 601 3252 Apollinem
627 3169 664 3227 et
683 3157 809 3229 Solem
836 3155 995 3229 eundem
1021 3181 1101 3231 esse
1127 3155 1325 3248 affimraus,

248 3286 368 3346 testes
382 3275 534 3347 adhibet
551 3276 640 3360 τοὺς
652 3276 856 3375 μὐστικοῦς
869 3276 1013 3380 λόγους,
1040 3279 1096 3363 οἷς
1111 3282 1150 3354 αἱ
1165 3277 1325 3378 decidit]-

255 3420 322 3509 rot
337 3396 478 3471 relatori
501 3394 746 3500 deoloyodocl
774 3391 916 3482 Quibus
943 3398 1109 3490 congruit
1129 3398 1326 3496 Sophoclis

256 3526 458 3587 enarrator.
471 3514 520 3587 ad
545 3514 667 3609 Antig.
687 3514 795 3587 1146.
821 3513 996 3588 Liberum
1012 3516 1161 3591 Patrem
1176 3523 1327 3621 ἄστρων

257 3664 443 3734 Aristophanes
459 3666 487 3717 in
504 3665 585 3718 Ronis
602 3672 630 3718 et
647 3664 808 3734 Antiphanes
826 3664 917 3717 Athen.
935 3666 992 3718 XV.
1010 3665 1070 3718 686.
1088 3668 1119 3720 C.
1138 3668 1182 3739 qui
1197 3686 1327 3739 uunquam

256 3734 285 3787 ln
309 3736 404 3805 crimn
426 3736 515 3788 receti
539 3744 604 3787 sunt
643 3734 737 3803 Neque
761 3752 811 3802 ego
834 3735 987 3788 daduchicm
1010 3738 1141 3806 Aeschylo
1165 3741 1326 3794 criminosum

255 3805 338 3858 luisse
355 3806 409 3859 dixi
427 3806 473 3858 sed
490 3805 644 3857 deduchiam
652 3804 804 3856 Eleusiniae
820 3806 936 3857 similem.
952 3809 1076 3859 Ceterum
1095 3811 1161 3863 hanc
1178 3810 1326 3865 similitudi·

255 3890 313 3929 nem
330 3892 381 3928 non
398 3876 533 3929 admodum
549 3890 695 3943 expressum
712 3876 794 3927 fuisse
811 3892 918 3928 necesse
936 3886 984 3941 est,
1003 3878 1106 3946 quando
1125 3881 1254 3934 anemiue
1269 3883 1326 3935 aui-

255 3944 392 3999 msdversa
408 3955 449 3998 est
465 3961 569 4008 eorum,
587 3944 632 4012 qui
648 3944 777 4008 fabulam,
795 3954 933 4015 autequam
949 3947 976 3998 in
994 3966 1097 4002 menum
1114 3951 1326 4017 committeretur,

257 4017 437 4070 examinamut
452 4019 480 4067 et
496 4014 666 4069 edidicerunt.
