<?xml version="1.0" encoding="UTF-8"?>
<!DOCTYPE html PUBLIC "-//W3C//DTD XHTML 1.0 Transitional//EN"
    "http://www.w3.org/TR/xhtml1/DTD/xhtml1-transitional.dtd">
<html xmlns="http://www.w3.org/1999/xhtml" xml:lang="en" lang="en">
 <head>
  <title>
</title>
<meta http-equiv="Content-Type" content="text/html;charset=utf-8" />
  <meta name='ocr-system' content='tesseract 3.04.00' />
  <meta name='ocr-capabilities' content='ocr_page ocr_carea ocr_par ocr_line ocrx_word'/>
</head>
<body>
  <div class='ocr_page' id='page_1' title='image "aglaophamussive04lobegoog_0346.png"; bbox 0 0 2909 4825; ppageno 0'>
   <div class='ocr_carea' id='block_1_1' title="bbox 249 267 1002 342">
    <p class='ocr_par' dir='ltr' id='par_1_1' title="bbox 249 267 1002 342">
     <span class='ocr_line' id='line_1_1' title="bbox 249 267 1002 342; baseline -0.004 0"><span class='ocrx_word' id='word_1_1' title='bbox 249 267 326 342; x_wconf 83' lang='lat'><strong>342</strong></span> <span class='ocrx_word' id='word_1_2' title='bbox 570 281 715 339; x_wconf 77' lang='lat' dir='ltr'><strong>clena</strong></span> <span class='ocrx_word' id='word_1_3' title='bbox 741 283 1002 341; x_wconf 78' lang='lat' dir='ltr'><strong>asenneus.</strong></span> 
     </span>
    </p>
   </div>
   <div class='ocr_carea' id='block_1_2' title="bbox 29 439 1332 3914">
    <p class='ocr_par' dir='ltr' id='par_1_2' title="bbox 108 439 1332 1985">
     <span class='ocr_line' id='line_1_2' title="bbox 247 439 1327 546; baseline 0.004 -34"><span class='ocrx_word' id='word_1_4' title='bbox 247 440 433 531; x_wconf 84' lang='lat' dir='ltr'><strong>ludorum,</strong></span> <span class='ocrx_word' id='word_1_5' title='bbox 460 444 525 539; x_wconf 92' lang='lat' dir='ltr'><strong>qui</strong></span> <span class='ocrx_word' id='word_1_6' title='bbox 550 443 667 516; x_wconf 91' lang='lat' dir='ltr'><strong>semel</strong></span> <span class='ocrx_word' id='word_1_7' title='bbox 692 440 781 527; x_wconf 78' lang='grc' dir='ltr'><strong>τούς</strong></span> <span class='ocrx_word' id='word_1_8' title='bbox 802 439 1010 542; x_wconf 80' lang='grc' dir='ltr'><strong><em>Ὀρφικούς</em></strong></span> <span class='ocrx_word' id='word_1_9' title='bbox 1036 442 1180 539; x_wconf 85' lang='lat' dir='ltr'><strong>allegat.</strong></span> <span class='ocrx_word' id='word_1_10' title='bbox 1207 449 1261 546; x_wconf 82' lang='lat' dir='ltr'><strong>(v.</strong></span> <span class='ocrx_word' id='word_1_11' title='bbox 1288 445 1327 519; x_wconf 87' lang='lat' dir='ltr'><strong>P.</strong></span> 
     </span>
     <span class='ocr_line' id='line_1_3' title="bbox 113 529 1332 662; baseline 0.001 -26"><span class='ocrx_word' id='word_1_12' title='bbox 113 569 200 658; x_wconf 66' lang='lat' dir='ltr'><strong>,ua</strong></span> <span class='ocrx_word' id='word_1_13' title='bbox 247 529 429 662; x_wconf 59' lang='lat' dir='ltr'><strong>mese.)</strong></span> <span class='ocrx_word' id='word_1_14' title='bbox 463 574 501 635; x_wconf 78' lang='lat' dir='ltr'><strong>et</strong></span> <span class='ocrx_word' id='word_1_15' title='bbox 525 562 752 656; x_wconf 81' lang='lat' dir='ltr'><strong>Dionysium</strong></span> <span class='ocrx_word' id='word_1_16' title='bbox 779 560 981 653; x_wconf 56' lang='grc' dir='ltr'><strong>τοιαυτῃ,</strong></span> <span class='ocrx_word' id='word_1_17' title='bbox 1007 586 1031 637; x_wconf 75' lang='lat' dir='ltr'><strong>a</strong></span> <span class='ocrx_word' id='word_1_18' title='bbox 1056 585 1131 662; x_wconf 65' lang='lat' dir='ltr'><strong>mo</strong></span> <span class='ocrx_word' id='word_1_19' title='bbox 1158 560 1332 637; x_wconf 64' lang='lat' dir='ltr'><strong>cresus</strong></span> 
     </span>
     <span class='ocr_line' id='line_1_4' title="bbox 247 682 1326 784; baseline 0.003 -30"><span class='ocrx_word' id='word_1_20' title='bbox 247 684 427 755; x_wconf 85' lang='lat' dir='ltr'><strong>nonnulla</strong></span> <span class='ocrx_word' id='word_1_21' title='bbox 459 683 612 773; x_wconf 84' lang='lat' dir='ltr'>sumsit,</span> <span class='ocrx_word' id='word_1_22' title='bbox 645 703 741 779; x_wconf 89' lang='lat' dir='ltr'><strong>quae</strong></span> <span class='ocrx_word' id='word_1_23' title='bbox 773 702 843 753; x_wconf 89' lang='lat' dir='ltr'><strong>suo</strong></span> <span class='ocrx_word' id='word_1_24' title='bbox 876 682 961 756; x_wconf 92' lang='lat' dir='ltr'><strong>loco</strong></span> <span class='ocrx_word' id='word_1_25' title='bbox 997 693 1236 783; x_wconf 83' lang='lat' dir='ltr'><strong>apponentur</strong></span> <span class='ocrx_word' id='word_1_26' title='bbox 1271 686 1326 784; x_wconf 81' lang='lat' dir='ltr'><strong>(v.</strong></span> 
     </span>
     <span class='ocr_line' id='line_1_5' title="bbox 108 793 1329 901; baseline 0.006 -31"><span class='ocrx_word' id='word_1_27' title='bbox 108 793 213 898; x_wconf 59' lang='lat' dir='ltr'><strong>,tte</strong></span> <span class='ocrx_word' id='word_1_28' title='bbox 251 802 290 876; x_wconf 87' lang='lat' dir='ltr'><strong>P.</strong></span> <span class='ocrx_word' id='word_1_29' title='bbox 316 805 380 876; x_wconf 90' lang='grc' dir='ltr'><strong>ΠΙ.</strong></span> <span class='ocrx_word' id='word_1_30' title='bbox 415 828 444 875; x_wconf 85' lang='lat' dir='ltr'><strong>c</strong></span> <span class='ocrx_word' id='word_1_31' title='bbox 470 802 523 901; x_wconf 89' lang='lat'><strong>8.)</strong></span> <span class='ocrx_word' id='word_1_32' title='bbox 555 823 676 900; x_wconf 89' lang='lat' dir='ltr'><strong>neque</strong></span> <span class='ocrx_word' id='word_1_33' title='bbox 701 823 779 874; x_wconf 89' lang='lat' dir='ltr'><strong>non</strong></span> <span class='ocrx_word' id='word_1_34' title='bbox 803 795 1064 894; x_wconf 79' lang='lat' dir='ltr'>Nicomedem,</span> <span class='ocrx_word' id='word_1_35' title='bbox 1102 803 1329 899; x_wconf 82' lang='lat' dir='ltr'><strong>cujuslibet</strong></span> 
     </span>
     <span class='ocr_line' id='line_1_6' title="bbox 248 921 1327 1025; baseline -0.002 -25"><span class='ocrx_word' id='word_1_36' title='bbox 248 924 332 1025; x_wconf 80' lang='grc' dir='ltr'><strong><em>περὶ</em></strong></span> <span class='ocrx_word' id='word_1_37' title='bbox 361 925 535 1025; x_wconf 80' lang='grc' dir='ltr'><strong><em>Ὀρφέως</em></strong></span> <span class='ocrx_word' id='word_1_38' title='bbox 566 921 741 996; x_wconf 84' lang='lat' dir='ltr'><strong>laudatur</strong></span> <span class='ocrx_word' id='word_1_39' title='bbox 771 921 907 997; x_wconf 84' lang='lat' dir='ltr'><strong>Athen.</strong></span> <span class='ocrx_word' id='word_1_40' title='bbox 933 922 1034 997; x_wconf 85' lang='lat' dir='ltr'><strong>XIV.</strong></span> <span class='ocrx_word' id='word_1_41' title='bbox 1067 924 1155 999; x_wconf 79' lang='grc'><strong>637.</strong></span> <span class='ocrx_word' id='word_1_42' title='bbox 1187 924 1233 998; x_wconf 88' lang='grc' dir='ltr'><strong>Α.</strong></span> <span class='ocrx_word' id='word_1_43' title='bbox 1267 926 1327 998; x_wconf 78' lang='lat' dir='ltr'><strong>his</strong></span> 
     </span>
     <span class='ocr_line' id='line_1_7' title="bbox 248 1041 1327 1142; baseline 0 -27"><span class='ocrx_word' id='word_1_44' title='bbox 248 1042 478 1141; x_wconf 82' lang='lat' dir='ltr'><strong>temporibus</strong></span> <span class='ocrx_word' id='word_1_45' title='bbox 519 1041 741 1139; x_wconf 84' lang='lat' dir='ltr'><strong>subjungere</strong></span> <span class='ocrx_word' id='word_1_46' title='bbox 782 1064 1001 1142; x_wconf 89' lang='lat' dir='ltr'><strong>possumus,</strong></span> <span class='ocrx_word' id='word_1_47' title='bbox 1052 1045 1085 1118; x_wconf 86' lang='lat' dir='ltr'><strong>si</strong></span> <span class='ocrx_word' id='word_1_48' title='bbox 1125 1043 1227 1117; x_wconf 92' lang='lat' dir='ltr'><strong>idem</strong></span> <span class='ocrx_word' id='word_1_49' title='bbox 1269 1053 1327 1116; x_wconf 86' lang='lat' dir='ltr'><strong>est</strong></span> 
     </span>
     <span class='ocr_line' id='line_1_8' title="bbox 247 1146 1324 1262; baseline 0.001 -26"><span class='ocrx_word' id='word_1_50' title='bbox 247 1146 451 1237; x_wconf 78' lang='lat' dir='ltr'><strong>Acanthius</strong></span> <span class='ocrx_word' id='word_1_51' title='bbox 485 1153 633 1262; x_wconf 89' lang='lat' dir='ltr'><strong>quide</strong></span> <span class='ocrx_word' id='word_1_52' title='bbox 673 1161 848 1237; x_wconf 80' lang='lat' dir='ltr'><strong>Perdicca</strong></span> <span class='ocrx_word' id='word_1_53' title='bbox 887 1165 1037 1262; x_wconf 78' lang='lat' dir='ltr'><strong>scripsit</strong></span> <span class='ocrx_word' id='word_1_54' title='bbox 1070 1163 1114 1238; x_wconf 92' lang='lat' dir='ltr'><strong>V.</strong></span> <span class='ocrx_word' id='word_1_55' title='bbox 1148 1165 1235 1237; x_wconf 78' lang='lat'><strong>217.</strong></span> <span class='ocrx_word' id='word_1_56' title='bbox 1275 1163 1324 1237; x_wconf 88' lang='lat' dir='ltr'><strong>D.</strong></span> 
     </span>
     <span class='ocr_line' id='line_1_9' title="bbox 247 1282 1325 1387; baseline 0.006 -31"><span class='ocrx_word' id='word_1_57' title='bbox 247 1283 489 1381; x_wconf 88' lang='lat' dir='ltr'><strong>Hippobotus</strong></span> <span class='ocrx_word' id='word_1_58' title='bbox 516 1296 660 1374; x_wconf 88' lang='lat' dir='ltr'><strong>autem,</strong></span> <span class='ocrx_word' id='word_1_59' title='bbox 686 1285 751 1381; x_wconf 91' lang='lat' dir='ltr'><strong>qui</strong></span> <span class='ocrx_word' id='word_1_60' title='bbox 777 1289 880 1384; x_wconf 78' lang='grc' dir='ltr'><strong><em>ἐντῇ</em></strong></span> <span class='ocrx_word' id='word_1_61' title='bbox 896 1295 976 1365; x_wconf 86' lang='grc' dir='ltr'><strong>τῶν</strong></span> <span class='ocrx_word' id='word_1_62' title='bbox 990 1282 1325 1387; x_wconf 75' lang='grc' dir='ltr'><strong><em>ριλοσόφωνᾶνα-</em></strong></span> 
     </span>
     <span class='ocr_line' id='line_1_10' title="bbox 245 1403 1326 1509; baseline -0.002 -30"><span class='ocrx_word' id='word_1_63' title='bbox 245 1414 374 1509; x_wconf 66' lang='grc' dir='ltr'><strong><em>γραφῇ</em></strong></span> <span class='ocrx_word' id='word_1_64' title='bbox 408 1403 600 1503; x_wconf 87' lang='lat' dir='ltr'><strong>Orpheum</strong></span> <span class='ocrx_word' id='word_1_65' title='bbox 638 1416 677 1477; x_wconf 87' lang='lat' dir='ltr'><strong>et</strong></span> <span class='ocrx_word' id='word_1_66' title='bbox 709 1403 848 1479; x_wconf 86' lang='lat' dir='ltr'><strong>Linum</strong></span> <span class='ocrx_word' id='word_1_67' title='bbox 879 1417 1023 1504; x_wconf 88' lang='lat' dir='ltr'><strong>septem</strong></span> <span class='ocrx_word' id='word_1_68' title='bbox 1063 1404 1326 1504; x_wconf 85' lang='lat' dir='ltr'><strong>philosophiae</strong></span> 
     </span>
     <span class='ocr_line' id='line_1_11' title="bbox 246 1523 1323 1624; baseline 0.003 -29"><span class='ocrx_word' id='word_1_69' title='bbox 246 1524 476 1622; x_wconf 82' lang='lat' dir='ltr'><strong>principibus</strong></span> <span class='ocrx_word' id='word_1_70' title='bbox 503 1524 715 1621; x_wconf 82' lang='lat' dir='ltr'><strong>aggregavit</strong></span> <span class='ocrx_word' id='word_1_71' title='bbox 740 1525 850 1621; x_wconf 89' lang='lat' dir='ltr'><strong>Diog.</strong></span> <span class='ocrx_word' id='word_1_72' title='bbox 876 1524 942 1598; x_wconf 86' lang='lat' dir='ltr'><strong>La.</strong></span> <span class='ocrx_word' id='word_1_73' title='bbox 968 1525 997 1597; x_wconf 95' lang='grc' dir='ltr'><strong>Ι.</strong></span> <span class='ocrx_word' id='word_1_74' title='bbox 1032 1523 1095 1624; x_wconf 63' lang='grc'><strong>12.</strong></span> <span class='ocrx_word' id='word_1_75' title='bbox 1129 1526 1174 1600; x_wconf 87' lang='lat' dir='ltr'><strong>cf.</strong></span> <span class='ocrx_word' id='word_1_76' title='bbox 1202 1526 1323 1600; x_wconf 73' lang='lat' dir='ltr'><strong>Stura.</strong></span> 
     </span>
     <span class='ocr_line' id='line_1_12' title="bbox 245 1643 1324 1745; baseline 0.004 -29"><span class='ocrx_word' id='word_1_77' title='bbox 245 1644 462 1741; x_wconf 86' lang='lat' dir='ltr'><strong>Empedoul.</strong></span> <span class='ocrx_word' id='word_1_78' title='bbox 493 1646 614 1718; x_wconf 82' lang='lat' dir='ltr'><strong>Praef.</strong></span> <span class='ocrx_word' id='word_1_79' title='bbox 641 1644 781 1718; x_wconf 88' lang='lat' dir='ltr'><strong>XXIII.</strong></span> <span class='ocrx_word' id='word_1_80' title='bbox 816 1659 855 1719; x_wconf 88' lang='lat' dir='ltr'><strong>et</strong></span> <span class='ocrx_word' id='word_1_81' title='bbox 886 1643 1111 1742; x_wconf 81' lang='lat' dir='ltr'><strong>Apollonius</strong></span> <span class='ocrx_word' id='word_1_82' title='bbox 1136 1645 1324 1745; x_wconf 87' lang='lat' dir='ltr'><strong>Aphrodi-</strong></span> 
     </span>
     <span class='ocr_line' id='line_1_13' title="bbox 245 1764 1324 1871; baseline 0.009 -35"><span class='ocrx_word' id='word_1_83' title='bbox 245 1766 396 1855; x_wconf 79' lang='lat' dir='ltr'><strong>aiensis,</strong></span> <span class='ocrx_word' id='word_1_84' title='bbox 423 1766 505 1864; x_wconf 84' lang='lat' dir='ltr'><strong>qui,</strong></span> <span class='ocrx_word' id='word_1_85' title='bbox 532 1776 575 1839; x_wconf 88' lang='lat' dir='ltr'><strong>ut</strong></span> <span class='ocrx_word' id='word_1_86' title='bbox 590 1764 727 1840; x_wconf 78' lang='lat' dir='ltr'><strong>Suidas</strong></span> <span class='ocrx_word' id='word_1_87' title='bbox 753 1768 827 1857; x_wconf 83' lang='lat' dir='ltr'><strong>ait,</strong></span> <span class='ocrx_word' id='word_1_88' title='bbox 852 1767 1018 1871; x_wconf 73' lang='grc' dir='ltr'><strong><em>γέγραφε</em></strong></span> <span class='ocrx_word' id='word_1_89' title='bbox 1043 1767 1129 1869; x_wconf 79' lang='grc' dir='ltr'><strong><em>περὶ</em></strong></span> <span class='ocrx_word' id='word_1_90' title='bbox 1149 1769 1324 1871; x_wconf 73' lang='grc' dir='ltr'><strong><em>Ὀρφέως</em></strong></span> 
     </span>
     <span class='ocr_line' id='line_1_14' title="bbox 245 1885 1323 1985; baseline 0.003 -25"><span class='ocrx_word' id='word_1_91' title='bbox 245 1885 310 1961; x_wconf 85' lang='grc' dir='ltr'><strong>καὶ</strong></span> <span class='ocrx_word' id='word_1_92' title='bbox 333 1896 413 1965; x_wconf 89' lang='grc' dir='ltr'><strong>τῶν</strong></span> <span class='ocrx_word' id='word_1_93' title='bbox 436 1895 595 1966; x_wconf 80' lang='grc' dir='ltr'><strong><em>τελετῶν</em></strong></span> <span class='ocrx_word' id='word_1_94' title='bbox 620 1888 760 1978; x_wconf 82' lang='grc' dir='ltr'><strong><em>αὐτοῦ,</em></strong></span> <span class='ocrx_word' id='word_1_95' title='bbox 793 1905 867 1985; x_wconf 78' lang='lat' dir='ltr'><strong>qna</strong></span> <span class='ocrx_word' id='word_1_96' title='bbox 893 1897 1016 1961; x_wconf 78' lang='lat' dir='ltr'><strong>aetate</strong></span> <span class='ocrx_word' id='word_1_97' title='bbox 1041 1889 1225 1980; x_wconf 82' lang='lat' dir='ltr'><strong>vixerint,</strong></span> <span class='ocrx_word' id='word_1_98' title='bbox 1259 1887 1323 1963; x_wconf 82' lang='lat' dir='ltr'><strong>ad-</strong></span> 
     </span>
    </p>

    <p class='ocr_par' dir='ltr' id='par_1_3' title="bbox 29 1997 1322 3914">
     <span class='ocr_line' id='line_1_15' title="bbox 29 1997 1269 2108; baseline 0 -29"><span class='ocrx_word' id='word_1_99' title='bbox 29 2053 31 2060; x_wconf 36' lang='grc' dir='ltr'><strong><em>ι</em></strong></span> <span class='ocrx_word' id='word_1_100' title='bbox 244 2004 315 2080; x_wconf 88' lang='lat' dir='ltr'><strong>huc</strong></span> <span class='ocrx_word' id='word_1_101' title='bbox 339 2006 616 2105; x_wconf 83' lang='lat' dir='ltr'><strong>inexploratum</strong></span> <span class='ocrx_word' id='word_1_102' title='bbox 626 2008 692 2108; x_wconf 82' lang='lat'><strong>[¹¹].</strong></span> <span class='ocrx_word' id='word_1_103' title='bbox 880 1997 883 2002; x_wconf 65' lang='grc'><strong>’</strong></span> <span class='ocrx_word' id='word_1_104' title='bbox 1263 2089 1269 2102; x_wconf 73' lang='lat'><strong>.</strong></span> 
     </span>
     <span class='ocr_line' id='line_1_16' title="bbox 149 2121 1322 2240; baseline -0.001 -38"><span class='ocrx_word' id='word_1_105' title='bbox 149 2121 179 2224; x_wconf 49' lang='lat' dir='ltr'><em>J</em></span> <span class='ocrx_word' id='word_1_106' title='bbox 344 2127 448 2203; x_wconf 92' lang='lat' dir='ltr'><strong>Nihil</strong></span> <span class='ocrx_word' id='word_1_107' title='bbox 473 2128 534 2200; x_wconf 86' lang='lat' dir='ltr'><strong>hic</strong></span> <span class='ocrx_word' id='word_1_108' title='bbox 559 2126 716 2201; x_wconf 77' lang='lat' dir='ltr'><strong>dicimus</strong></span> <span class='ocrx_word' id='word_1_109' title='bbox 744 2125 792 2198; x_wconf 88' lang='lat' dir='ltr'><strong>de</strong></span> <span class='ocrx_word' id='word_1_110' title='bbox 816 2125 1084 2202; x_wconf 75' lang='lat' dir='ltr'><strong>Demosthenis</strong></span> <span class='ocrx_word' id='word_1_111' title='bbox 1110 2127 1214 2219; x_wconf 87' lang='grc' dir='ltr'><strong><em>1οοο,</em></strong></span> <span class='ocrx_word' id='word_1_112' title='bbox 1248 2151 1322 2240; x_wconf 77' lang='lat' dir='ltr'><strong>quo</strong></span> 
     </span>
     <span class='ocr_line' id='line_1_17' title="bbox 242 2247 1322 2346; baseline 0.001 -24"><span class='ocrx_word' id='word_1_113' title='bbox 242 2248 355 2343; x_wconf 79' lang='lat' dir='ltr'><strong>vulgo</strong></span> <span class='ocrx_word' id='word_1_114' title='bbox 382 2247 430 2321; x_wconf 88' lang='lat' dir='ltr'><strong>ad</strong></span> <span class='ocrx_word' id='word_1_115' title='bbox 457 2247 691 2346; x_wconf 86' lang='lat' dir='ltr'><strong>probandam</strong></span> <span class='ocrx_word' id='word_1_116' title='bbox 715 2247 955 2343; x_wconf 90' lang='lat' dir='ltr'><strong>Hymnorum</strong></span> <span class='ocrx_word' id='word_1_117' title='bbox 981 2247 1230 2346; x_wconf 85' lang='lat' dir='ltr'><strong>Orphioorum</strong></span> <span class='ocrx_word' id='word_1_118' title='bbox 1256 2272 1322 2323; x_wconf 89' lang='lat' dir='ltr'><strong>an-</strong></span> 
     </span>
     <span class='ocr_line' id='line_1_18' title="bbox 243 2367 1321 2467; baseline 0.004 -26"><span class='ocrx_word' id='word_1_119' title='bbox 243 2371 453 2465; x_wconf 84' lang='lat' dir='ltr'><strong>tiquitatem</strong></span> <span class='ocrx_word' id='word_1_120' title='bbox 486 2370 543 2443; x_wconf 91' lang='lat' dir='ltr'><strong>uti</strong></span> <span class='ocrx_word' id='word_1_121' title='bbox 574 2367 714 2461; x_wconf 80' lang='lat' dir='ltr'><strong>solent3</strong></span> <span class='ocrx_word' id='word_1_122' title='bbox 756 2390 845 2444; x_wconf 86' lang='lat' dir='ltr'><strong>nam</strong></span> <span class='ocrx_word' id='word_1_123' title='bbox 878 2369 965 2444; x_wconf 88' lang='lat' dir='ltr'><strong>huic</strong></span> <span class='ocrx_word' id='word_1_124' title='bbox 998 2371 1207 2467; x_wconf 84' lang='lat' dir='ltr'><strong>quaestioni</strong></span> <span class='ocrx_word' id='word_1_125' title='bbox 1242 2370 1321 2445; x_wconf 86' lang='lat' dir='ltr'><strong>alia</strong></span> 
     </span>
     <span class='ocr_line' id='line_1_19' title="bbox 241 2487 1319 2591; baseline 0.005 -31"><span class='ocrx_word' id='word_1_126' title='bbox 241 2512 328 2586; x_wconf 87' lang='lat' dir='ltr'><strong>pars</strong></span> <span class='ocrx_word' id='word_1_127' title='bbox 353 2487 516 2563; x_wconf 84' lang='lat' dir='ltr'><strong>instituti</strong></span> <span class='ocrx_word' id='word_1_128' title='bbox 541 2489 665 2586; x_wconf 89' lang='lat' dir='ltr'><strong>operis</strong></span> <span class='ocrx_word' id='word_1_129' title='bbox 697 2487 884 2562; x_wconf 86' lang='lat' dir='ltr'><strong>destinata</strong></span> <span class='ocrx_word' id='word_1_130' title='bbox 916 2499 983 2563; x_wconf 86' lang='lat' dir='ltr'><strong>est.</strong></span> <span class='ocrx_word' id='word_1_131' title='bbox 1035 2490 1112 2565; x_wconf 84' lang='lat' dir='ltr'><strong>Sed</strong></span> <span class='ocrx_word' id='word_1_132' title='bbox 1138 2487 1319 2591; x_wconf 64' lang='lat' dir='ltr'><strong>Ohurnp·</strong></span> 
     </span>
     <span class='ocr_line' id='line_1_20' title="bbox 242 2608 1316 2709; baseline 0.005 -29"><span class='ocrx_word' id='word_1_133' title='bbox 242 2632 335 2705; x_wconf 92' lang='lat' dir='ltr'><strong>pum</strong></span> <span class='ocrx_word' id='word_1_134' title='bbox 361 2609 565 2706; x_wconf 87' lang='lat' dir='ltr'><strong>praeterire</strong></span> <span class='ocrx_word' id='word_1_135' title='bbox 590 2630 668 2681; x_wconf 88' lang='lat' dir='ltr'><strong>non</strong></span> <span class='ocrx_word' id='word_1_136' title='bbox 691 2629 868 2707; x_wconf 88' lang='lat' dir='ltr'><strong>possum,</strong></span> <span class='ocrx_word' id='word_1_137' title='bbox 894 2611 958 2707; x_wconf 87' lang='lat' dir='ltr'><strong>qui</strong></span> <span class='ocrx_word' id='word_1_138' title='bbox 984 2609 1174 2709; x_wconf 88' lang='lat' dir='ltr'><strong>Orpheum</strong></span> <span class='ocrx_word' id='word_1_139' title='bbox 1198 2608 1316 2685; x_wconf 89' lang='lat' dir='ltr'><strong>idem·</strong></span> 
     </span>
     <span class='ocr_line' id='line_1_21' title="bbox 242 2727 1317 2829; baseline 0.007 -30"><span class='ocrx_word' id='word_1_140' title='bbox 242 2727 358 2801; x_wconf 88' lang='lat' dir='ltr'><strong>tidem</strong></span> <span class='ocrx_word' id='word_1_141' title='bbox 385 2728 434 2802; x_wconf 85' lang='lat' dir='ltr'><strong>ad</strong></span> <span class='ocrx_word' id='word_1_142' title='bbox 459 2739 596 2827; x_wconf 83' lang='lat' dir='ltr'><strong>partes·</strong></span> <span class='ocrx_word' id='word_1_143' title='bbox 610 2730 782 2819; x_wconf 86' lang='lat' dir='ltr'><strong>vocavit,</strong></span> <span class='ocrx_word' id='word_1_144' title='bbox 808 2731 959 2827; x_wconf 88' lang='lat' dir='ltr'><strong>suisque</strong></span> <span class='ocrx_word' id='word_1_145' title='bbox 974 2732 1212 2829; x_wconf 84' lang='lat' dir='ltr'><strong>opinionibus</strong></span> <span class='ocrx_word' id='word_1_146' title='bbox 1231 2754 1317 2806; x_wconf 88' lang='lat' dir='ltr'><strong>cou-</strong></span> 
     </span>
     <span class='ocr_line' id='line_1_22' title="bbox 241 2848 1316 2950; baseline 0.004 -29"><span class='ocrx_word' id='word_1_147' title='bbox 241 2849 365 2922; x_wconf 87' lang='lat' dir='ltr'><strong>ciiiare</strong></span> <span class='ocrx_word' id='word_1_148' title='bbox 391 2849 544 2923; x_wconf 81' lang='lat' dir='ltr'><strong>studuit.</strong></span> <span class='ocrx_word' id='word_1_149' title='bbox 595 2848 760 2923; x_wconf 86' lang='lat' dir='ltr'><strong>Galenus</strong></span> <span class='ocrx_word' id='word_1_150' title='bbox 783 2848 972 2925; x_wconf 83' lang='lat' dir='ltr'><strong>dePlacit</strong></span> <span class='ocrx_word' id='word_1_151' title='bbox 986 2851 1168 2950; x_wconf 86' lang='lat' dir='ltr'><strong>Hippocr.</strong></span> <span class='ocrx_word' id='word_1_152' title='bbox 1194 2853 1236 2927; x_wconf 90' lang='lat' dir='ltr'><strong>L.</strong></span> <span class='ocrx_word' id='word_1_153' title='bbox 1252 2855 1316 2926; x_wconf 91' lang='lat' dir='ltr'><strong>III.</strong></span> 
     </span>
     <span class='ocr_line' id='line_1_23' title="bbox 240 2966 1316 3075; baseline 0.01 -34"><span class='ocrx_word' id='word_1_154' title='bbox 240 2993 269 3041; x_wconf 86' lang='grc' dir='ltr'><strong>ο.</strong></span> <span class='ocrx_word' id='word_1_155' title='bbox 296 2969 331 3043; x_wconf 83' lang='grc'><strong>3.</strong></span> <span class='ocrx_word' id='word_1_156' title='bbox 361 2971 445 3043; x_wconf 87' lang='lat'><strong>118.</strong></span> <span class='ocrx_word' id='word_1_157' title='bbox 472 2970 515 3044; x_wconf 86' lang='grc' dir='ltr'><strong>Τ.</strong></span> <span class='ocrx_word' id='word_1_158' title='bbox 540 2970 583 3042; x_wconf 90' lang='lat' dir='ltr'><strong>V.</strong></span> <span class='ocrx_word' id='word_1_159' title='bbox 611 2966 734 3044; x_wconf 75' lang='lat' dir='ltr'><strong>Chart¹</strong></span> <span class='ocrx_word' id='word_1_160' title='bbox 769 2969 889 3075; x_wconf 72' lang='grc' dir='ltr'><strong><em>ῶςιιερ</em></strong></span> <span class='ocrx_word' id='word_1_161' title='bbox 910 2970 1077 3074; x_wconf 77' lang='grc' dir='ltr'><strong><em>Ὁμήρου</em></strong></span> <span class='ocrx_word' id='word_1_162' title='bbox 1103 2972 1168 3050; x_wconf 70' lang='grc' dir='ltr'><strong>ναὶ</strong></span> <span class='ocrx_word' id='word_1_163' title='bbox 1187 2973 1316 3052; x_wconf 83' lang='grc' dir='ltr'><strong><em>Ἡσιό-</em></strong></span> 
     </span>
     <span class='ocr_line' id='line_1_24' title="bbox 88 3080 1315 3198; baseline 0.003 -29"><span class='ocrx_word' id='word_1_164' title='bbox 88 3156 95 3169; x_wconf 91' lang='grc'><strong>.</strong></span> <span class='ocrx_word' id='word_1_165' title='bbox 239 3091 311 3167; x_wconf 78' lang='grc' dir='ltr'><strong>ὃου</strong></span> <span class='ocrx_word' id='word_1_166' title='bbox 336 3093 481 3193; x_wconf 75' lang='grc' dir='ltr'><strong><em>βραχέα</em></strong></span> <span class='ocrx_word' id='word_1_167' title='bbox 505 3093 725 3195; x_wconf 69' lang='grc' dir='ltr'><strong><em>παρεθέμην</em></strong></span> <span class='ocrx_word' id='word_1_168' title='bbox 758 3080 815 3169; x_wconf 82' lang='grc' dir='ltr'><strong>ῶν</strong></span> <span class='ocrx_word' id='word_1_169' title='bbox 841 3091 862 3168; x_wconf 83' lang='grc' dir='ltr'><strong><em>ὅ</em></strong></span> <span class='ocrx_word' id='word_1_170' title='bbox 888 3091 1111 3195; x_wconf 73' lang='grc' dir='ltr'><strong><em>Χρύσιππος</em></strong></span> <span class='ocrx_word' id='word_1_171' title='bbox 1138 3096 1315 3198; x_wconf 74' lang='grc' dir='ltr'><strong><em>ἔγραψεν,</em></strong></span> 
     </span>
     <span class='ocr_line' id='line_1_25' title="bbox 241 3212 1315 3316; baseline 0.006 -29"><span class='ocrx_word' id='word_1_172' title='bbox 241 3212 340 3288; x_wconf 76' lang='grc' dir='ltr'><strong><em>οὕτω</em></strong></span> <span class='ocrx_word' id='word_1_173' title='bbox 366 3217 403 3300; x_wconf 81' lang='grc' dir='ltr'><strong>ἐξ</strong></span> <span class='ocrx_word' id='word_1_174' title='bbox 417 3213 596 3316; x_wconf 69' lang='lat' dir='ltr'><strong>⁴&#39;Opcpe‘erc</strong></span> <span class='ocrx_word' id='word_1_175' title='bbox 620 3212 685 3289; x_wconf 73' lang='grc' dir='ltr'><strong>καὶ</strong></span> <span class='ocrx_word' id='word_1_176' title='bbox 716 3212 1002 3313; x_wconf 77' lang='grc' dir='ltr'><strong><em>Ἐμπεδοκλέους</em></strong></span> <span class='ocrx_word' id='word_1_177' title='bbox 1033 3214 1099 3290; x_wconf 78' lang='grc' dir='ltr'><strong>καὶ</strong></span> <span class='ocrx_word' id='word_1_178' title='bbox 1124 3215 1315 3316; x_wconf 75' lang='grc' dir='ltr'><strong><em>Τυρταίου</em></strong></span> 
     </span>
     <span class='ocr_line' id='line_1_26' title="bbox 210 3331 1316 3438; baseline 0.003 -29"><span class='ocrx_word' id='word_1_179' title='bbox 210 3333 302 3410; x_wconf 80' lang='grc' dir='ltr'><strong>,καὶ</strong></span> <span class='ocrx_word' id='word_1_180' title='bbox 335 3331 572 3435; x_wconf 84' lang='grc' dir='ltr'><strong><em>Στησιχόρου</em></strong></span> <span class='ocrx_word' id='word_1_181' title='bbox 607 3334 672 3410; x_wconf 81' lang='grc' dir='ltr'><strong>καὶ</strong></span> <span class='ocrx_word' id='word_1_182' title='bbox 711 3335 849 3438; x_wconf 77' lang='grc' dir='ltr'><strong><em>ἑτέρων</em></strong></span> <span class='ocrx_word' id='word_1_183' title='bbox 886 3341 1053 3431; x_wconf 82' lang='grc' dir='ltr'><strong><em>ποιητῶν</em></strong></span> <span class='ocrx_word' id='word_1_184' title='bbox 1088 3333 1316 3436; x_wconf 73' lang='grc' dir='ltr'><strong><em>μνημονεύει</em></strong></span> 
     </span>
     <span class='ocr_line' id='line_1_27' title="bbox 47 3450 1315 3550; baseline -0.002 -19"><span class='ocrx_word' id='word_1_185' title='bbox 47 3452 82 3513; x_wconf 74' lang='lat'><strong>.&#39;</strong></span> <span class='ocrx_word' id='word_1_186' title='bbox 237 3463 403 3531; x_wconf 79' lang='grc' dir='ltr'><strong><em>πολλῶν·</em></strong></span> <span class='ocrx_word' id='word_1_187' title='bbox 438 3455 496 3528; x_wconf 86' lang='lat' dir='ltr'><strong>cui</strong></span> <span class='ocrx_word' id='word_1_188' title='bbox 523 3453 664 3527; x_wconf 86' lang='lat' dir='ltr'><strong>accedit</strong></span> <span class='ocrx_word' id='word_1_189' title='bbox 696 3450 826 3527; x_wconf 83' lang='lat' dir='ltr'><strong>Cicero</strong></span> <span class='ocrx_word' id='word_1_190' title='bbox 859 3452 904 3528; x_wconf 93' lang='lat' dir='ltr'><strong>N.</strong></span> <span class='ocrx_word' id='word_1_191' title='bbox 930 3454 979 3527; x_wconf 91' lang='lat' dir='ltr'><strong>D.</strong></span> <span class='ocrx_word' id='word_1_192' title='bbox 1012 3454 1041 3526; x_wconf 87' lang='lat'><strong>1.</strong></span> <span class='ocrx_word' id='word_1_193' title='bbox 1070 3453 1128 3528; x_wconf 80' lang='lat'><strong>15.</strong></span> <span class='ocrx_word' id='word_1_194' title='bbox 1167 3454 1315 3550; x_wconf 86' lang='lat' dir='ltr'><strong>Chry-</strong></span> 
     </span>
     <span class='ocr_line' id='line_1_28' title="bbox 236 3572 1314 3675; baseline -0.002 -26"><span class='ocrx_word' id='word_1_195' title='bbox 236 3574 533 3675; x_wconf 79' lang='lat' dir='ltr'><strong>sippus-in</strong></span> <span class='ocrx_word' id='word_1_196' title='bbox 558 3573 764 3648; x_wconf 89' lang='lat' dir='ltr'><strong>secundo</strong></span> <span class='ocrx_word' id='word_1_197' title='bbox 789 3572 915 3647; x_wconf 89' lang='lat' dir='ltr'><strong>libro</strong></span> <span class='ocrx_word' id='word_1_198' title='bbox 942 3573 998 3647; x_wconf 91' lang='lat' dir='ltr'><strong>de</strong></span> <span class='ocrx_word' id='word_1_199' title='bbox 1022 3587 1192 3650; x_wconf 83' lang='lat' dir='ltr'><strong>natura</strong></span> <span class='ocrx_word' id='word_1_200' title='bbox 1211 3575 1314 3649; x_wconf 90' lang='lat' dir='ltr'><strong>deo-</strong></span> 
     </span>
     <span class='ocr_line' id='line_1_29' title="bbox 235 3693 1313 3792; baseline 0 -23"><span class='ocrx_word' id='word_1_201' title='bbox 235 3718 332 3769; x_wconf 90' lang='lat' dir='ltr'><strong>rum</strong></span> <span class='ocrx_word' id='word_1_202' title='bbox 365 3694 470 3769; x_wconf 86' lang='lat' dir='ltr'><strong>vuit</strong></span> <span class='ocrx_word' id='word_1_203' title='bbox 502 3693 697 3792; x_wconf 87' lang='lat' dir='ltr'><strong>Orphei,</strong></span> <span class='ocrx_word' id='word_1_204' title='bbox 728 3693 929 3785; x_wconf 86' lang='lat' dir='ltr'><strong>Musaei,</strong></span> <span class='ocrx_word' id='word_1_205' title='bbox 961 3693 1183 3786; x_wconf 89' lang='lat' dir='ltr'><strong>Hesiodi,</strong></span> <span class='ocrx_word' id='word_1_206' title='bbox 1216 3694 1313 3770; x_wconf 89' lang='lat' dir='ltr'><strong>Ho-</strong></span> 
     </span>
     <span class='ocr_line' id='line_1_30' title="bbox 235 3812 1312 3914; baseline -0.001 -23"><span class='ocrx_word' id='word_1_207' title='bbox 235 3819 444 3914; x_wconf 89' lang='lat' dir='ltr'><strong>merique</strong></span> <span class='ocrx_word' id='word_1_208' title='bbox 483 3812 690 3888; x_wconf 86' lang='lat' dir='ltr'><strong>fabellas</strong></span> <span class='ocrx_word' id='word_1_209' title='bbox 742 3815 1091 3890; x_wconf 85' lang='lat' dir='ltr'><strong>accommodare</strong></span> <span class='ocrx_word' id='word_1_210' title='bbox 1142 3815 1200 3890; x_wconf 89' lang='lat' dir='ltr'><strong>ad</strong></span> <span class='ocrx_word' id='word_1_211' title='bbox 1241 3840 1312 3907; x_wconf 89' lang='lat' dir='ltr'><strong>ea,</strong></span> 
     </span>
    </p>
   </div>
   <div class='ocr_carea' id='block_1_3' title="bbox 233 4016 1309 4161">
    <p class='ocr_par' dir='ltr' id='par_1_4' title="bbox 233 4016 1309 4161">
     <span class='ocr_line' id='line_1_31' title="bbox 306 4016 1309 4107; baseline 0.015 -45"><span class='ocrx_word' id='word_1_212' title='bbox 306 4020 350 4107; x_wconf 76' lang='grc' dir='ltr'><strong>[τι]</strong></span> <span class='ocrx_word' id='word_1_213' title='bbox 368 4017 483 4072; x_wconf 80' lang='lat' dir='ltr'><strong>Reinesii</strong></span> <span class='ocrx_word' id='word_1_214' title='bbox 501 4016 704 4102; x_wconf 71' lang='lat' dir='ltr'><strong>emendationem</strong></span> <span class='ocrx_word' id='word_1_215' title='bbox 721 4018 749 4072; x_wconf 86' lang='lat' dir='ltr'><strong>in</strong></span> <span class='ocrx_word' id='word_1_216' title='bbox 766 4018 840 4073; x_wconf 77' lang='lat' dir='ltr'><strong>sud.</strong></span> <span class='ocrx_word' id='word_1_217' title='bbox 857 4037 883 4091; x_wconf 87' lang='lat' dir='ltr'><strong>p.</strong></span> <span class='ocrx_word' id='word_1_218' title='bbox 901 4018 962 4074; x_wconf 81' lang='lat'><strong>194.</strong></span> <span class='ocrx_word' id='word_1_219' title='bbox 980 4017 1131 4093; x_wconf 76' lang='grc' dir='ltr'><strong><em>Πάμφιλος</em></strong></span> <span class='ocrx_word' id='word_1_220' title='bbox 1149 4022 1256 4095; x_wconf 67' lang='grc' dir='ltr'><strong><em>ἔγραψε</em></strong></span> <span class='ocrx_word' id='word_1_221' title='bbox 1275 4048 1309 4060; x_wconf 89' lang='lat'>-</span> 
     </span>
     <span class='ocr_line' id='line_1_32' title="bbox 233 4087 589 4161; baseline -0.003 -17"><span class='ocrx_word' id='word_1_222' title='bbox 233 4088 353 4161; x_wconf 84' lang='grc' dir='ltr'><strong><em>Ὀρφικυ</em></strong></span> <span class='ocrx_word' id='word_1_223' title='bbox 371 4090 519 4143; x_wconf 76' lang='lat' dir='ltr'><strong>retuterunt</strong></span> <span class='ocrx_word' id='word_1_224' title='bbox 536 4087 589 4142; x_wconf 77' lang='lat' dir='ltr'><strong>alii.</strong></span> 
     </span>
    </p>
   </div>
   <div class='ocr_carea' id='block_1_4' title="bbox 0 0 1460 4825">
    <p class='ocr_par' dir='ltr' id='par_1_5' title="bbox 0 0 1460 4825">
     <span class='ocr_line' id='line_1_33' title="bbox 0 0 1460 4825; baseline 0 5"><span class='ocrx_word' id='word_1_225' title='bbox 0 0 1460 4825; x_wconf 95' lang='lat' dir='ltr'><strong> </strong></span> 
     </span>
    </p>
   </div>
  </div>
 </body>
</html>
