2909 4825
444 269 449 288 ·
538 249 813 306 carrarca
1008 221 1013 232 ’
1139 237 1218 313 349

134 407 414 510 Ὀνομάκριτον
440 412 481 486 ἐν
506 408 606 484 ἔπεσι
631 412 847 486 κατατεῖναι
873 404 1017 486 Comm.
1039 435 1076 509 p.
1090 412 1134 487 F.
1153 415 1215 488 111.

137 531 225 627 a.[-⁸]
279 530 349 603 Est
372 530 501 627 utique
525 530 623 602 inter
655 539 853 628 utrumque
883 530 987 606 baud
1019 532 1115 610 levis
1142 534 1217 609 dis·

137 672 285 743 aensus;
325 651 358 722 si
384 645 601 725 Ciceronem
627 645 823 739 audimus,
861 637 1082 744 Aristoteles
1107 667 1218 751 negat
1304 683 1312 690 ·

137 771 257 846 ullum
290 769 407 843 fuisse
433 770 640 868 Orpheum
677 771 711 842 si
737 770 1009 867 Philoponum,
1046 795 1123 848 aon
1157 795 1218 849 so-

129 875 218 965 sslum
244 892 361 966 fuisse
387 891 557 966 concedit
591 887 659 963 sed
692 891 808 963 etiam
834 892 1018 988 quaedam
1044 896 1124 991 ejus
1150 895 1218 969 do-

139 1022 265 1107 gmata
297 1014 399 1086 nosci
432 1010 480 1084 ab
507 1008 750 1083 Onomacrito
783 1015 948 1087 numeris
979 1015 1139 1107 inclusa3
1178 1019 1219 1091 in

141 1154 214 1230 qno
240 1151 366 1205 rursus
393 1130 578 1228 discrepat
593 1125 741 1220 Cicero,
767 1128 972 1230 Cercoperrr
1000 1134 1048 1208 ab
1072 1135 1218 1210 Aristo-

140 1253 214 1324 teie
239 1251 382 1326 fraudis
408 1252 639 1351 appellatum
661 1250 801 1334 ,dicos
853 1251 940 1328 Jam
954 1255 1062 1346 iilud,
1087 1259 1217 1356 inquo

140 1395 287 1447 summa
312 1374 538 1472 quaestionis
564 1384 752 1463 versatur,
779 1373 891 1448 alius
926 1397 974 1448 an
1008 1377 1123 1450 fuerit
1148 1376 1218 1451 Or-

140 1497 277 1595 pbeus,
302 1497 406 1570 nulla
431 1513 543 1572 causa
568 1505 626 1566 ert
651 1509 715 1565 cur
729 1491 972 1570 Aristotelem
988 1499 1115 1596 ipsum
1142 1498 1219 1572 alio

141 1619 224 1691 loco
250 1617 359 1689 alitor
385 1615 593 1691 decrevisse
625 1624 818 1710 putemus3
860 1639 947 1713 ergo
980 1618 1131 1692 iliorum
1165 1620 1219 1693 ai·
1282 1603 1286 1608 ⁶

140 1749 323 1811 teratrum
357 1757 499 1810 errasse
532 1735 737 1809 conveniet
790 1731 979 1811 Oicoronis
1009 1761 1101 1815 vero
1127 1738 1220 1814 fides

142 1860 262 1932 molto
286 1860 415 1956 potior
440 1855 562 1932 videri
588 1854 719 1945 debet,
745 1877 821 1930 noo
848 1858 971 1932 solum
987 1871 1144 1958 propter
1158 1882 1219 1934 aa·

142 1991 260 2052 tatem
285 1977 354 2052 sed
380 1980 494 2051 etiam
520 1976 609 2074 quia
634 1978 807 2073 exemplo
832 1978 901 2050 illo
927 1993 1057 2053 contra
1082 1980 1219 2055 adver-

142 2102 261 2173 sarios
286 2098 335 2171 ad
360 2096 593 2195 probandum
619 2099 739 2169 utitur
770 2091 947 2195 tarrqriam
982 2111 1074 2173 noto
1100 2113 1139 2173 et
1164 2103 1220 2173 in·

146 2219 359 2310 dubitabili,
387 2213 499 2293 cui'si
520 2219 645 2291 minus
665 2219 990 2309 commeruisset,
1015 2222 1219 2319 inpromta

144 2352 251 2415 erant
282 2340 357 2415 alia
387 2351 550 2414 centena
611 2336 688 2411 Sed
720 2338 951 2436 Philopont'rs
987 2341 1028 2413 in
1060 2343 1221 2416 aaroni

141 2462 294 2560 judicii,
330 2461 431 2560 quod
464 2460 685 2536 Aristoteles
716 2460 895 2550 tulerat„
911 2463 1133 2535 memoriam
1164 2484 1221 2536 re-

144 2584 277 2682 pb'cat,
303 2581 565 2657 tantummodo
591 2596 635 2657 ut
660 2582 827 2672 doceret,
863 2598 937 2680 qua
961 2582 1010 2656 de
1035 2604 1148 2657 caasa
1171 2585 1222 2661 cci
1287 2580 1293 2591 ’

143 2700 356 2803 καλούμενα
382 2703 552 2777 dixisset
604 2700 716 2792 Quod
749 2703 800 2777 ad
825 2703 981 2777 aiteram
1008 2715 1223 2781 controver-

145 2826 223 2898 aiae
247 2836 393 2921 partem
419 2826 570 2914 attinet,
594 2824 705 2897 facile
732 2825 907 2921 componi
930 2835 1076 2920 potest,
1101 2826 1135 2898 si
1161 2812 1227 2897 atr-f

144 2967 311 3033 mamus,
338 2943 438 3042 quod
462 2964 573 3017 nemo
600 2943 801 3017 concedere
822 2944 1051 3039 gravabitur,
1076 2942 1222 3017 Aristo·

145 3067 258 3141 telem
283 3086 359 3137 non
385 3064 501 3137 semol
533 3061 601 3136 scd
636 3064 694 3138 bis
725 3076 792 3137 aut
816 3066 968 3161 saepias
994 3062 1042 3136 de
1068 3062 1221 3162 Orpheo

146 3187 340 3286 loquutom
367 3207 447 3259 erse
473 3195 584 3282 atque
609 3204 654 3255 eo
687 3181 838 3281 quidem
863 3183 967 3273 loco,
1000 3205 1110 3281 quem
1136 3183 1221 3258 Pbi·

145 3308 306 3406 loponoa
331 3315 418 3379 ante
445 3305 571 3378 oculos
597 3302 738 3393 babuit,
766 3302 907 3402 Orphei
927 3302 1096 3397 Physica,
1114 3302 1222 3383 nude

131 3426 214 3503 'ilia
238 3436 362 3501 orma
377 3420 605 3523 videabaf']
633 3422 875 3498 Onomacrito
890 3423 1143 3523 adscripsisse,
1168 3426 1221 3499 ai·

216 3564 256 3634 [⁸]
274 3567 446 3617 Καταθεϊναι
468 3561 495 3616 b.
519 3559 538 3615 Ι.
563 3560 657 3615 scribit
679 3561 857 3616 Cudaortbua
879 3560 952 3632 Syri„
974 3561 1026 3616 Ine
1050 3563 1098 3617 IV.
1115 3563 1142 3615 ⁷.
1159 3558 1220 3616 844.

187 3630 265 3708 ύμας
285 3634 399 3690 ἐνέτεινε
448 3627 597 3703 ιλασόφους
618 3639 675 3694 τοῖς
696 3632 833 3705 ποιήμασι
850 3632 985 3688 Plutarch.
1004 3635 1037 3686 V.
1061 3633 1151 3686 Solon.
1168 3633 1221 3685 III.

149 3653 209 3757 ir.
234 3707 272 3765 εἰς
295 3710 401 3776 ποίημα
424 3651 545 3757 Tacito
567 3703 632 3771 (ser.
650 3704 783 3773 ἐντενεῖν)
806 3700 856 3758 τὸν
879 3701 1030 3776 Μαρσικὸν
1045 3699 1170 3775 πόλεμον
1186 3702 1219 3755 V.

149 3775 251 3830 Loculi·
268 3775 290 3828 1.
307 3775 383 3828 276.-
445 3776 457 3825 i
481 3776 536 3827 τῶν
552 3770 713 3846 ποιημάτων
730 3765 771 3831 ὧν
788 3777 940 3841 πεποίηκας
955 3776 1076 3835 ἐντείνας
1092 3773 1220 3833 τοὺςταῦ

149 3842 282 3901 Aiooinov
305 3841 404 3917 λόγους
449 3842 503 3896 lato
527 3842 624 3896 Phaed.
646 3844 690 3898 60.
708 3845 742 3898 D.
767 3845 884 3900 ἐντεῖναι
901 3846 979 3900 ἔτεσι
997 3844 1091 3897 Galen.
1109 3842 1219 3896 adhort.

149 3935 173 3970 c
191 3916 331 3971 XllLred
349 3922 378 3969 et
393 3916 421 3976 ἔς
488 3930 539 3983 ρον
554 3914 656 3969 ἐνεῖναι
672 3915 720 3977 τὰς
737 3915 861 3978 διανοίας
880 3914 1016 3972 Jamblieb
1034 3915 1067 3969 V.
1084 3913 1117 3969 Ρ.
1134 3931 1157 3967 o.
1174 3911 1218 3967 86.

151 3990 185 4041 οἱ.
202 3987 327 4040 Bibliotb.
446 4025 453 4040 .
472 3984 539 4037 erit
558 3985 588 4037 P.
606 3986 651 4040 Vl.
670 3988 731 4041 104.

221 4053 509 4128 fflaRstest
