2909 4825
519 238 817 299 cerurcs..
1119 223 1197 301 585

123 392 678 475 drumershusen
712 419 750 494 p
786 393 845 469 lo.
883 393 1198 497 Adeomunr

123 519 198 595 illis
233 518 563 616 mgiliunsisnm
589 513 720 593 videre
745 513 845 615 quud
870 525 959 593 unte
989 490 1198 617 pedcscst
1359 550 1372 563 ’

123 637 215 730 bris
241 641 348 715 m‘un
382 659 515 713 eorum
539 634 728 713 nudem
752 634 887 715 eudem
911 635 1027 713 modo
1053 643 1198 739 priscus

124 759 285 835 Graecos
304 760 529 833 eonvivstm
554 776 647 833 esse.
673 779 710 831 v.
736 756 779 833 ll.
804 755 868 831 lV.
894 756 982 831 251.
1007 758 1141 841 Athen.
1167 765 1196 841 1.

125 879 183 955 lt
216 879 266 955 D.
301 879 396 955 -l‘ari
435 879 579 976 ustioni
614 878 732 953 muris
765 898 831 953 scu
864 877 1098 974 ignoratione
1128 905 1195 961 seu

123 1000 421 1076 dinunulstiunc
460 994 691 1075 Disuohidas
732 996 854 1073 Sobel.
888 996 1014 1098 Apoll.
1049 1001 1078 1075 l.
1110 1000 1197 1081 515.

122 1121 266 1219 numu
289 1121 496 1196 bestiarum
522 1117 609 1195 ideo
634 1108 773 1216 porrici
796 1116 931 1208 tradit,
964 1118 1197 1219 quodsum

111 1239 434 1341 tbus'uliquundo
459 1237 683 1339 porrigendo
706 1237 833 1333 lingue
849 1238 981 1330 leonis,
1006 1263 1115 1340 quem
1130 1244 1197 1325 alii

123 1384 218 1438 sse
250 1364 413 1439 seusun
441 1361 702 1448 mentirentur,
734 1359 917 1439 victorem
944 1381 987 1435 se
1011 1361 1193 1460 probare»

121 1484 190 1573 rit,
222 1485 329 1582 quasi
361 1490 438 1556 nou
470 1479 572 1557 idern
604 1500 689 1557 mos
721 1477 824 1577 epud
857 1478 953 1556 elios
978 1479 1196 1574 obtinuerit,v

122 1602 171 1679 ud
198 1626 291 1702 quus
314 1602 420 1677 nulh
443 1586 545 1689 iliius
569 1600 797 1697 Megurcrlub
823 1600 925 1675 famu
948 1605 1132 1701 pervenit
1157 1628 1195 1681 v.

122 1722 460 1819 umwumsemr.
495 1721 546 1798 sd
575 1721 710 1798 Athen.
744 1719 845 1795 XlV.
878 1721 941 1795 78.
974 1746 1011 1821 p.
1037 1722 1125 1798 tul.
1152 1724 1195 1799 Τ.

123 1842 352 1919 VILSebol
375 1842 550 1921 Amores
576 1841 626 1918 ed
652 1839 723 1915 0d.
750 1841 816 1915 ΠΙ.
842 1840 929 1917 332
950 1855 989 1916 et
1005 1843 1093 1919 341.
1118 1845 1195 1920 De

121 1964 225 2041 licius
256 1985 403 2064 quoqne
433 1963 525 2039 iecit
556 1962 759 2039 Suetonius
781 1964 823 2036 in
847 1960 978 2038 Octav.
1004 1987 1034 2037 c
1061 1964 1091 2038 i.
1119 1965 1196 2041 Ve-

122 2084 252 2159 litris
278 2084 514 2171 Octavius
531 2104 667 2181 quum
692 2082 834 2159 Marti
862 2104 959 2161 reru
984 2074 1195 2165 divinum
1323 2150 1326 2161 .

121 2205 325 2295 inseret,
356 2204 577 2281 nuntiata
608 2206 904 2295 incursione,
929 2205 1197 2283 semicruda

122 2336 234 2411 este
268 2337 407 2426 rapte
448 2325 555 2402 foco
593 2325 925 2424 prosecuit-
957 2338 1004 2399 et
1037 2327 1195 2411 vietor

122 2445 286 2541 rediit3
324 2445 565 2524 decretum
609 2448 751 2522 etiam
789 2445 1031 2550 publicum
1064 2459 1196 2528 extus
1298 2436 1300 2438 ¹

122 2566 220 2660 bet,
252 2581 305 2644 ut
333 2569 381 2642 in
413 2578 656 2670 posterum
687 2587 868 2665 qnoque
903 2578 1011 2648 exta
1042 2567 1195 2642 simili

122 2687 259 2765 modu
295 2688 435 2784 Morti
474 2686 797 2766 redderentur.
865 2685 976 2777 Quod
1012 2687 1195 2763 refellitur
1275 2735 1280 2742 ι

122 2807 282 2886 mmm
319 2808 707 2888 remuneremus.
741 2831 780 2907 p.
813 2808 876 2882 9⁰.
928 2804 1074 2898 Quum
1106 2807 1195 2892 ue-

122 2931 247 3007 mnlo
273 2929 602 3029 Pompilioque
632 2927 945 3025 regnantibus
969 2939 1195 3026 percocta
1311 2917 1314 2928 ’

121 3051 262 3151 plene
313 3060 358 3124 et
410 3048 603 3126 madida
644 3061 1055 3124 concremarentur
1098 3048 1195 3124 diis

122 3184 250 3263 extu,
274 3194 382 3267 rege
406 3169 488 3245 sub
508 3168 644 3244 'l'ullo
670 3164 937 3246 semicruda
961 3169 1195 3266 coepistis

123 3304 169 3367 et
199 3291 378 3368 leviter
410 3291 614 3368 animatu
645 3289 892 3387 porricere
925 3289 1086 3385 prisca
1114 3289 1195 3374 ob÷

122 3411 399 3490 servatione
437 3419 684 3487 contemta.
762 3406 840 3483 Nec
873 3408 997 3484 minus
1036 3406 1194 3488 delicate

121 3531 370 3608 Philostratus
395 3528 440 3605 V.
466 3530 582 3630 Supb.
606 3531 654 3605 ll.
682 3527 715 3604 l.
742 3526 828 3604 550.
860 3528 1024 3628 ephebus
1048 3531 1194 3607 Atticos

120 3663 323 3752 prepterea
364 3649 577 3747 eldamydes
607 3650 731 3750 pullas
762 3652 803 3725 in
834 3651 986 3750 pompis
1019 3662 1198 3747 gestasse,

121 3782 169 3848 ut
191 3772 265 3848 boc
287 3771 426 3876 publici
448 3772 572 3848 luctus
591 3771 805 3848 testimonio
825 3768 972 3872 Capreo
992 3769 1194 3865 Eurysthei

120 3895 298 3992 praeconi
322 3892 370 3970 ab
388 3892 675 4000 Atheniensibus
699 3903 788 3968 ante
811 3891 915 3968 mille
939 3909 1058 3963 annus
1082 3889 1195 3962 inter·
1323 3947 1326 3952 .

120 4014 221 4090 kae
260 4015 352 4090 setis
383 4012 532 4105 darent3
564 4016 623 4089 eui
657 4014 818 4090 similem
850 4010 1041 4120 radonem
1067 4007 1192 4108 pullae
