2909 4825
420 341 423 348 .
537 285 811 343 onrntcl.
1138 271 1215 346 347

137 464 242 541 sunt,
285 469 414 523 omnes
446 445 590 519 nullum
624 443 766 541 Orphei
808 463 957 517 carmen
991 447 1216 519 nominatim
1262 459 1270 465 ·

138 574 300 668 allegare
324 570 391 643 scd
425 566 645 665 simpliciter
671 563 882 663 Orpheum,
921 576 966 637 nt
997 568 1217 665 saepissime

138 691 335 780 Proculus,
376 701 414 761 et
446 705 710 784 nonnunquam
737 685 785 763 τὰ
817 681 990 787 Ὀρφέως
1014 698 1059 759 ut
1083 685 1216 761 Merin.

138 813 182 887 V.
209 814 325 886 Procl.
351 834 381 883 c.
407 808 469 884 26.
495 819 533 880 et
559 809 621 879 272

578 1129 682 1206 Con.
736 1133 780 1204 V.

141 1312 208 1383 De
249 1267 510 1382 cerenicum
556 1301 877 1405 Orphicorum
914 1299 1216 1403 antiquitate

263 1428 379 1527 quid
407 1437 596 1501 veteres
630 1422 812 1498 erector·
841 1423 1095 1500 senserint.

244 1649 328 1741 Quo
354 1648 605 1727 venerabilius
638 1645 741 1746 apud
765 1647 960 1743 imperitos
986 1646 1127 1746 Orphei
1151 1670 1218 1721 no·

139 1797 227 1849 mm
252 1773 344 1862 fnit,
371 1795 418 1846 eo
443 1771 587 1866 majore
612 1787 791 1841 consensu
817 1766 1064 1863 intelligentes
1081 1769 1217 1843 herum

140 1917 265 1968 rerum
290 1892 420 1967 urbini
445 1890 682 1965 falsariorum
707 1885 901 1961 fioudibus
923 1887 1076 1963 obviam
1094 1871 1217 1982 ivero,

142 2016 381 2111 carmineque
406 2012 586 2085 ementita
610 2009 685 2082 elie
710 2005 762 2081 ad
786 2007 903 2081 elium
917 2008 1127 2105 relegerunt
1152 2034 1214 2086 uu·

143 2148 285 2209 ctorem
318 2132 560 2220 Brontinum‚
595 2126 816 2226 Cercopem,
855 2129 1065 2226 Zopyrum,
1098 2132 1219 2206 Pfflj.

142 2279 252 2345 num,
288 2253 586 2340 Onomacritum‚
628 2249 762 2347 quihus
796 2249 837 2324 in
861 2253 1136 2347 possessionem
1161 2276 1218 2325 re-

142 2379 283 2452 stitutis
309 2375 459 2475 Orpheo
484 2391 654 2471 neonus
679 2368 829 2469 quidem
854 2370 1076 2469 relinquitur
1102 2375 1218 2447 versi·

143 2501 256 2573 culus.
307 2498 481 2592 Princeps
507 2504 546 2567 et
570 2491 723 2589 signifer
748 2492 860 2586 hujus
875 2491 1049 2567 factionis
1068 2504 1125 2567 est
1139 2494 1217 2605 Hp-

142 2618 319 2710 cedetne,
343 2617 408 2714 qui
432 2615 474 2687 in
497 2613 540 2687 L.
556 2616 603 2687 Π.
630 2612 691 2687 53.
717 2610 875 2686 deorum
902 2624 1037 2704 ortum,
1064 2613 1218 2710 formas,

141 2714 277 2836 genem
307 2759 385 2810 non
416 2737 471 2810 ita
504 2735 651 2833 pridem
689 2732 738 2807 ab
770 2732 939 2821 Homero
978 2747 1017 2807 et
1047 2733 1218 2810 Hesiodo

144 2861 347 2934 consumto
372 2878 453 2930 esse
478 2855 663 2956 disputat,
689 2850 794 2933 οὗτοι
819 2853 887 2946 δι’,
907 2856 1049 2953 inquit,
1086 2860 1158 2936 eloi
1182 2862 1220 2936 οἱ

143 2980 365 3079 ποιήσαντες
389 2977 594 3083 θεογονίην
608 2978 774 3074 Ἕλλησι,
799 2975 864 3053 καὶ
887 2983 985 3055 τοῖσι
1002 2982 1126 3057 θεοῖσι
1150 2979 1219 3068 τὰς

143 3100 358 3203 ἐπωνυμίας
382 3096 513 3184 δόντος
538 3097 603 3174 καὶ
625 3095 738 3197 τιμάς
761 3128 802 3173 το
827 3096 891 3173 καὶ
917 3099 1050 3195 τέχνας
1074 3097 1218 3178 διελόν-

142 3253 203 3307 τες
227 3220 292 3298 καὶ
323 3219 423 3297 εἴδεα
454 3215 697 3319 σημήναντες.
752 3220 800 3296 Οἱ
829 3217 873 3294 δι’
905 3212 1089 3319 πρότερον
1115 3218 1218 3325 λεγό-

143 3372 251 3444 μενοι
275 3340 427 3438 ποιηταὶ
448 3335 597 3418 τούτων
621 3347 701 3416 τῶν
726 3337 883 3439 ἀνδρῶν
905 3340 1085 3444 γενέσθαι
1108 3341 1218 3420 ὕστε-

144 3493 216 3565 ρον
231 3462 380 3561 δοκέειν
405 3461 575 3565 ἐγένοντο
600 3456 765 3536 τούτων·
801 3456 902 3556 quod
933 3480 1012 3533 non
1043 3483 1089 3534 eo
1122 3460 1219 3534 dixit

144 3585 251 3682 quasi
278 3583 439 3657 Graecos
466 3592 553 3654 ante
583 3580 670 3654 illos
702 3580 795 3653 nihil
821 3579 869 3653 de
894 3579 1050 3657 deornm
1084 3593 1220 3656 natura

145 3704 334 3779 fabulatos
359 3713 508 3803 putaret
542 3702 633 3801 (quo
658 3702 752 3774 nihil
776 3703 940 3799 ineptius
965 3705 1054 3799 fingi
1077 3701 1219 3803 potest)

144 3825 213 3899 sed
246 3827 372 3923 potius
404 3824 475 3898 hoc
515 3821 720 3911 contendit,
772 3822 917 3898 subules
957 3825 1043 3898 illas
1075 3825 1218 3922 passim

145 3945 249 4017 nullo
274 3945 458 4044 locuplete
483 3955 632 4017 auctore
666 3945 839 4040 vulgatas
869 3967 990 4043 neque
1025 3944 1218 4017 literarum

145 4068 383 4140 molimentis
407 4063 603 4140 mandatas
628 4076 710 4139 tum
737 4064 888 4139 demum
915 4063 1074 4139 radicari
1101 4077 1140 4138 et
1163 4066 1218 4138 in·
