2909 4825
218 146 346 261 ⁴192⁴
530 262 533 271 Ι
622 192 977 252 urrunrnrmus.

264 363 389 435 lienus
415 351 522 430 addit
553 355 714 428 mustela
748 356 909 460 (γαλεός)
934 380 1012 432 non
1037 363 1136 435 vesci
1161 362 1338 457 initiatos·

264 491 308 555 ut
333 480 500 577 impura,
526 477 613 573 quia
637 498 705 573 per
731 498 773 548 os
799 479 938 576 pariat3
964 500 1075 575 quam
1090 478 1257 553 fabulam
1275 480 1338 554 dc-

263 600 363 676 ridet
386 596 618 692 Aristoteles.
670 594 747 667 Sed
771 608 921 694 praeter
945 600 1019 673 has'
1047 600 1272 674 ratiunculas
1298 603 1338 673 in

263 720 414 819 publico
436 719 595 813 jactatas
622 715 779 789 fortasse
811 718 908 789 aliae
934 718 1115 818 quaedam
1142 720 1247 794 fuere
1281 742 1338 794 se-

265 842 457 927 cretiores,
495 836 635 934 partim
668 835 809 937 etlricae
841 850 952 936 atque
983 840 1160 938 physicae
1198 843 1337 939 partim

265 984 319 1036 ex
333 959 489 1033 historia
505 952 705 1055 repetitae,
732 958 765 1029 si
785 959 907 1033 minus
930 962 970 1033 in
990 960 1211 1050 Eleusiniis,
1238 973 1337 1034 certe

264 1084 305 1155 in
330 1081 415 1153 aliis
440 1079 640 1173 mysteriis.
693 1073 864 1152 Clemens
879 1068 1015 1153 Strom.
1032 1081 1079 1155 11.
1104 1080 1191 1154 4011
1218 1080 1338 1182 (482.)

264 1206 443 1281 ἐντεῦθεν
476 1200 581 1301 οἶμαι
617 1199 681 1276 καὶ
712 1198 781 1284 τάς
811 1201 957 1288 τελετὰς
990 1203 1035 1280 οὐ
1067 1200 1189 1301 μόνον
1221 1196 1337 1279 τινῶν

265 1320 376 1416 ζάοιν
401 1317 649 1425 ἀπαγορεύειν
675 1319 876 1411 ἅπτεσθαι,
903 1324 980 1399 ἀλλ’
1009 1325 1109 1400 ἔστιν
1135 1322 1240 1398 &xci
1258 1330 1338 1399 τῶν

264 1443 566 1542 καταδυομένων
589 1438 795 1526 ὑπεξείλετο
820 1441 927 1541 μέρη,
953 1443 1001 1518 δι’
1029 1442 1162 1532 altius,
1188 1443 1234 1528 ἃς
1257 1447 1337 1518 ἴσοι·

187 1628 191 1635 .
266 1590 328 1644 σιν
354 1564 391 1640 οἱ
415 1560 566 1662 μύσται.
619 1556 791 1632 Julianus
816 1558 907 1633 dicit
931 1562 1088 1657 Magnae
1104 1562 1238 1635 Matris
1262 1560 1339 1634 cul-

266 1696 366 1756 tores
396 1682 499 1780 rapis
532 1679 738 1769 abstinere,
778 1683 865 1777 quia
897 1705 963 1756 cae
994 1681 1137 1757 radices
1163 1680 1337 1755 deorsum

265 1804 469 1876 interram
495 1811 625 1895 agant,
652 1800 881 1899 Porphyrius
905 1804 991 1900 pios
1010 1804 1179 1876 homines
1204 1802 1337 1876 avibus
1371 1790 1374 1799 ’

266 1932 385 2010 arcet,
411 1923 498 2020 quia
522 1920 653 1995 volatu
678 1942 749 1995 suo
774 1943 844 1994 nos
869 1920 1027 1995 doceant
1051 1921 1234 1997 volaticos
1258 1923 1338 1994 lieri

267 2054 305 2117 et
331 2042 409 2115 alta
434 2061 636 2140 capessere.
659 2085 714 2099 --
739 2041 844 2115 Haec
862 2055 900 2114 et
920 2043 1030 2130 talia,
1056 2044 1207 2139 opinor,
1234 2036 1339 2115 erant

215 2203 223 2215 ·
264 2164 334 2237 illa
357 2164 545 2237 sanctiora
569 2183 779 2250 sacrorum,
805 2183 962 2260 quorum
984 2162 1157 2233 notitiam
1179 2162 1250 2234 soli
1267 2163 1338 2234 ini·
1412 2192 1413 2195 ¹

267 2284 352 2358 tiati
376 2282 513 2355 hahere
537 2278 776 2377 putabantur.
827 2283 904 2353 Dio
927 2278 1012 2354 cnr.
1028 2279 1091 2353 Or.
1107 2279 1224 2354 XVII.
1250 2280 1338 2355 464.

267 2409 308 2483 ἐν
332 2410 411 2489 τοῖς
435 2398 654 2501 μυστηρίοις
690 2401 710 2478 ὅ
745 2399 968 2504 ἱεροφάντης
1000 2403 1070 2500 οὐχ
1095 2403 1194 2489 ἅπαξ
1217 2433 1336 2503 προα-

266 2521 412 2629 γορεάει
442 2530 520 2607 τοῖς
551 2521 779 2619 μυουμένοις
810 2523 967 2601 ἕκαστον
999 2517 1055 2600 ὧν
1075 2522 1149 2624 χρὴ
1184 2566 1235 2578 -
1267 2553 1317 2600 aa

266 2642 392 2744 θάπερ
417 2644 486 2721 τιν’
515 2637 724 2738 άπάῤῥητον
750 2639 971 2742 πρόρρησιν,
1009 2664 1122 2741 quam
1149 2642 1199 2715 ad
1231 2646 1338 2718 casti-

266 2765 411 2837 moniae
435 2762 674 2861 potissimum
698 2763 920 2858 pertinuisse
955 2787 976 2835 ο
1001 2760 1155 2861 Josephi
1180 2763 1263 2836 loco
1290 2767 1338 2837 si-

266 2884 425 2958 millimo
452 2883 575 2977 colligi
599 2892 725 2978 potest
747 2907 777 2955 c.
801 2881 938 2980 Apion.
964 2883 1006 2956 L.
1031 2884 1078 2957 ll.
1104 2885 1165 2956 22.
1191 2882 1278 2957 485.
1311 2888 1337 2962 ἃ

267 3006 342 3108 γάρ
367 3004 506 3108 ὀλίγον
538 3004 689 3104 ἡμερῶν
721 3004 892 3103 άριθμδν
918 3003 1193 3101 ἐπιτηδεύοντες
1227 3003 1337 3082 ἀλλό-

153 3139 156 3156 ’
261 3136 382 3226 ,φυλοι
407 3122 611 3226 φυλάττειν
636 3124 681 3200 οὐ
707 3121 913 3214 δύνανται,
939 3122 1127 3227 μυστήρια
1151 3124 1215 3202 καὶ
1238 3136 1337 3203 τελε-

257 3247 336 3333 ·τάς
361 3243 629 3345 ὀνομάζοντες,
655 3252 777 3320 ταῦτα
803 3240 1042 3344 φυλάττομεν
1062 3245 1126 3322 διδ
1153 3256 1221 3324 τοῦ
1239 3277 1336 3326 παν-

267 3369 332 3453 τὸς
358 3373 510 3452 αἰῶνος·
537 3365 635 3452 τίνες
660 3361 730 3443 οὗν
756 3365 850 3441 εἰσὶν
875 3365 916 3439 αἱ
939 3361 1154 3464 προρρήσεις
1174 3368 1239 3444 καὶ
1264 3372 1337 3446 άπ-

270 3485 481 3593 ομορεύσεις
507 3501 572 3562 etc.
625 3485 666 3560 Si
692 3486 774 3582 quis
805 3485 918 3578 igitur
950 3486 1112 3582 quaerit,
1148 3488 1238 3584 quid
1271 3487 1338 3561 do-

145 3601 148 3606 ’
269 3609 411 3682 cuerint
434 3608 661 3697 sacerdotes,
687 3607 751 3704 qui
776 3601 968 3684 διδάσκειν
992 3605 1080 3691 τοὺς
1100 3610 1337 3708 μυουμένους

269 3740 307 3802 et
326 3724 806 3833 iipyeimict'dicunturPL
831 3723 932 3799 haud
954 3737 1166 3799 cunctanter
1184 3749 1336 3825 respon·

337 3929 1221 4055 [JScholmsstophRam.158.‘owpammdoasst;
1247 3932 1336 3986 Phile·

271 4021 376 4072 monp
400 4007 459 4059 161.
485 4000 564 4060 celeri
547 4019 643 4073 υιμενο
631 4006 750 4056 turoi
716 4019 889 4064 ταυιαμστκ
940 4001 996 4058 δυσ
1024 4021 1115 4077 μενοι.
1168 4002 1278 4056 luturch.
1303 4004 1334 4054 V.
