2909 4825
519 258 794 314 ΟΗΗῙΟΑ.
1122 249 1199 324 633

120 414 368 517 καθάρτραι,
409 404 583 513 pistrices
601 415 669 513 [·]‚
705 416 882 511 quoniam
909 440 1044 493 munus
1071 443 1200 496 eurum

119 537 357 634 potissimum
385 535 433 609 ael
461 535 618 610 eluenda
643 535 792 634 piacula
812 539 1033 634 pertinebat.
1059 540 1199 616 Notum
1305 534 1312 545 ’

121 668 177 729 est
208 669 358 745 eutem,
393 680 505 754 quarn
538 657 647 731 facile
668 657 812 730 Graeci
845 660 1079 756 piaculorum
1115 663 1200 736 reli·

120 777 228 870 gioac
254 778 436 875 implicati
463 777 613 868 fuerint,
638 800 798 875 quarum
824 780 950 871 varias
965 803 1097 855 causas
1112 805 1200 857 enu-

111 908 238 969 onerat
264 921 338 981 una
365 912 533 973 veterum
553 898 872 994 Pythagorcarum
899 900 1003 1000 apud
1017 902 1199 978 Plutarch.

122 1014 294 1114 Superst'
327 1017 392 1091 ix.
436 1019 496 1093 76.
531 1018 574 1092 Τ.
611 1018 708 1091 Vlll.
742 1025 822 1097 αἵτε
853 1050 902 1097 κα
936 1024 997 1098 ἀπ’
1034 1021 1200 1127 άγχόνας

121 1139 257 1224 δόξασα
273 1141 320 1234 [Ρ]
352 1144 431 1216 αἴεε
463 1140 528 1217 καὶ
560 1137 693 1236 λεχόνα
718 1139 951 1239 μαιεύσασα,
978 1149 1058 1219 αἵτε
1084 1172 1133 1220 eeu
1159 1150 1200 1225 ἐκ

12 1256 17 1267 “
121 1268 240 1358 respui
267 1263 562 1362 ἀναπεφυρμένα
589 1262 773 1358 eigai-9213,
801 1267 880 1338 αἴτε
905 1293 954 1338 κα
979 1267 1021 1340 ἐκ
1034 1262 1200 1364 τριόδων

11 1442 16 1453 .
121 1377 427 1478 καθαρμάτεσσι,
449 1385 706 1483 εἰιισιτιιμόνῳ
746 1393 817 1483 τῷ
845 1383 1073 1484 παλαμναίῳ
1106 1411 1199 1485 συμ·

122 1499 324 1598 πλεχθήσῃ.
377 1500 450 1591 Qui
483 1505 596 1598 igitur
627 1504 688 1575 bis
712 1503 846 1581 aliisve
872 1504 993 1577 causis
1018 1507 1200 1603 suspicio·

120 1641 205 1693 nern
240 1625 417 1696 contracti
451 1624 589 1722 piaculi
626 1620 838 1713 baberent,‘
852 1638 1044 1720 praeterea
1057 1627 1134 1722 .qui
1159 1647 1200 1699 sc

122 1743 308 1817 veneliciis
334 1755 372 1814 et
397 1742 667 1818 devotionibus:
677 1744 896 1841 impugnari·
905 1747 1095 1835 sentirent,
1120 1747 1200 1843 qui·

121 1884 192 1959 que
215 1862 330 1937 larva
363 1878 433 1961 aut
461 1864 587 1960 aliquo
620 1863 704 1937 diro
738 1865 893 1936 numine
925 1865 1094 1938 infestari
1127 1867 1200 1940 sibi

120 1980 353 2072 viduantur,
386 1984 444 2056 iris
478 1983 653 2056 omnibus
686 1996 938 2057 aeruscatores
964 1983 1022 2056 illi
1044 2007 1200 2083 operam

120 2124 227 2176 suani
252 2103 523 2201 pollicebantur
547 2101 674 2178 verbis
700 2104 812 2192 lusce,
838 2115 881 2176 ut
902 2103 1117 2177 Plutarchus
1143 2107 1198 2179 eit

120 2224 145 2296 l.
171 2247 201 2295 c.
226 2224 291 2303 ΠΙ,
318 2220 353 2298 6.
378 2236 445 2308 eut
469 2222 655 2296 similibus
681 2225 757 2297 usi:
1190 2256 1193 2261 ·

122 2427 202 2497 vulgo
228 2426 308 2484 ῧόατι
325 2428 471 2502 περλβραν’
489 2426 628 2503 4ἐμβαλών.
664 2423 783 2481 Βάλλειν
800 2444 848 2498 pru
865 2423 1011 2499 ἐμβάλλειν
1029 2429 1107 2484 Plato
1124 2445 1200 2481 usur-

123 2511 174 2567 put
191 2497 284 2569 Epigr.
302 2499 359 2553 XV.
378 2500 501 2569 Sopbocl
520 2500 632 2553 Philoct.
649 2498 693 2551 67.
712 2498 810 2568 aliique
827 2508 972 2568 poctarum,
990 2508 1044 2552 turn
1062 2497 1200 2553 Gramina-

124 2569 171 2621 tici
189 2569 282 2623 Taetz.
309 2570 342 2623 ad
368 2570 434 2640 Lyc.
457 2589 483 2624 v.
503 2570 562 2625 176.
580 2588 606 2640 p.
624 2567 684 2622 435.
703 2569 773 2621 Cbil.
789 2570 837 2625 IV.
857 2568 916 2621 192.
933 2577 962 2621 et
977 2570 1128 2641 saepissime
1145 2571 1201 2623 lor-

123 2638 354 2694 roulsrii.‘merlici.
397 2641 453 2693 Cur
476 2642 649 2695 Ruttnrennus
674 2640 700 2691 in
721 2639 812 2694 Sebol.
836 2641 1009 2694 Ambrosii.
1045 2639 1132 2697 .846.
1171 2657 1201 2693 ro

121 2712 216 2777 βαλεῖς
240 2717 379 2781 reponeret
401 2713 542 2784 ἐμβαλεῖς,
568 2713 641 2764 nulla
663 2727 744 2763 causa
767 2717 832 2763 erat
875 2711 917 2763 Au
943 2727 997 2764 rem
1050 2720 1140 2764 ustrou
1158 2729 1201 2765 em

123 2782 236 2850 pertinet
248 2781 354 2835 Proculi
373 2781 442 2834 locus
460 2784 487 2834 in
505 2783 606 2850 cratyl.
623 2799 650 2852 p.
670 2780 729 2833 106.
747 2783 775 2834 ol
790 2776 904 2852 μάντεις
920 2778 967 2834 διὰ
985 2776 1199 2855 τῶναεριρράν-

123 2866 195 2905 σεων
224 2854 272 2906 καλ
295 2849 498 2923 περιθειώσεων
524 2850 626 2923 ἁγνοὺς
650 2848 763 2912 ἑαυτοὺς
787 2854 834 2910 καλ
857 2847 921 2911 τοὺς
941 2848 1074 2913 συνόντας
1097 2851 1200 2907 tinore-

123 2924 210 2976 λοῦσι.
228 2922 299 2975 Salis
317 2931 344 2976 et
360 2924 440 2976 labae
457 2923 585 2993 lentisque
604 2922 723 2993 proprius
742 2939 803 2974 usus
821 2921 848 2973 in
866 2922 948 2974 secde
966 2922 1125 2976 lustralibus.

195 3027 236 3098 [⁰]
255 3027 365 3081 Festus:
384 3028 483 3081 Pieri
500 3045 559 3080 eos
577 3027 678 3081 velut
694 3026 835 3097 proprio
854 3028 1032 3090 vocabulo
1057 3028 1106 3080 eit
1123 3028 1225 3079 Ver-1

123 3097 215 3165 rius,
246 3099 304 3168 qui
336 3115 451 3168 parurn
482 3100 552 3152 sint
583 3096 730 3150 animati
763 3113 858 3167 quum
883 3097 1008 3149 mentis
1032 3114 1112 3150 suae
1136 3114 1201 3149 non

124 3168 195 3222 rint
212 3177 246 3222 et
263 3184 322 3253 per
339 3168 503 3239 quaedem
520 3169 629 3222 verba
646 3167 906 3221 liberentur-
923 3166 1067 3220 Piutrix
1085 3183 1199 3220 sacer-

124 3238 352 3304 duodicim,
371 3239 623 3312 queeexpiare
641 3242 718 3289 eret
737 3237 861 3300 solite,
889 3252 982 3305 quarn
1001 3237 1139 3307 quidam
1156 3238 1201 3290 ei·

126 3309 358 3374 rnulutriccro‚
384 3309 449 3362 elii
472 3326 604 3377 sagara,
635 3306 700 3359 alii
724 3306 956 3377 expiatricem
980 3315 1124 3375 vocant,
1155 3307 1200 3361 ubi

125 3380 256 3434 commode
273 3379 548 3451 simpulatrieern
565 3386 701 3450 reponunt

197 3483 237 3556 [l]
253 3482 369 3556 ’Λμχόνη
393 3485 438 3538 vix
455 3483 568 3553 murgi
585 3487 690 3555 pomi,
714 3498 749 3534 ne
765 3480 789 3534 ti
806 3480 902 3534 solutio
919 3480 1021 3550 uiridem
1039 3482 1201 3553 suspendiosi

124 3555 305 3626 intelligetur,
329 3573 406 3625 quaro
428 3555 510 3609 nostri
534 3571 638 3625 quoque
662 3553 774 3621 majores
791 3551 890 3624 piaculi
906 3550 990 3605 inem
1007 3554 1202 3614 abhorrebants

126 3626 213 3679 uncio
231 3643 265 3679 en
283 3624 458 3712 άπὶάγροᾶς
473 3625 555 3680 eeribi
570 3623 667 3711 pouit,
692 3625 734 3676 ab
752 3622 898 3708 inferiis
916 3639 1069 3677 reverse.
1088 3622 1200 3710 Triplex
1245 3647 1248 3652 ·

124 3693 1200 3839 tib”tlbltntttblitlltblt'btcittbiilitt

126 3837 186 3891 doru
209 3838 216 3852 ‘
253 3838 325 3891 'cant
346 3840 428 3894 verbe
445 3842 502 3891 cire
521 3855 556 3890 κα
573 3838 603 3891 ἐκ
624 3832 741 3908 τριόδων
759 3829 997 3906 καθαρμάτεσσιν,
1020 3833 1066 3886 ubi
1082 3833 1197 3904 ἐγχριμ-

126 3913 233 3978 φθεῖσα
258 3908 402 3962 addendum
420 3908 531 3961 videtur.
559 3908 697 3960 Petronius
718 3924 742 3959 c.
762 3904 820 3959 134„
838 3903 926 3973 quod
943 3911 1200 3972 purgamentum

127 3977 281 4033 calcasti
304 3978 338 4031 iu
361 3977 490 4032 triviol
515 3974 549 4031 τὰ
566 3978 597 4032 ἰν
614 3982 670 4038 τοῖς
685 3973 805 4048 τριόδοις
822 3995 840 4028 τι
889 3970 988 4043 ’ματα
1006 3973 1072 4027 Poll.
1089 3974 1122 4025 V.
1141 3972 1200 4026 136.
1280 3995 1282 4000 ·

128 4064 197 4116 quae
215 4054 243 4103 et
256 4045 384 4105 Ἑκαταῖα
402 4048 556 4104 dicebantur
573 4048 662 4119 Etyus
681 4048 718 4101 Μ.
737 4065 763 4117 p.
780 4044 841 4101 626.
859 4053 886 4098 et
906 4041 1049 4116 Οξυθάμια
1072 4044 1200 4116 llerpoer.
1243 4091 1249 4104 ,
