2909 4825
233 228 287 305 sl
595 246 740 303 ursus
765 249 954 306 rsrnus.

232 403 428 502 plaeesmi
447 403 563 479 ,Sunt
592 429 682 482 vero
715 409 826 483 multi
858 422 897 484 et
929 422 1037 484 erum
1060 417 1151 484 mox
1175 410 1313 510 plures,

232 526 267 600 si
291 526 367 599 ista
390 547 493 600 nova
517 536 631 620 setus,
658 552 770 627 quam
785 529 981 606 cosmus
1006 531 1247 607 vstidmutis
1271 533 1314 607 iu

232 645 388 721 medum
429 647 757 750 praenuntiat[‘¹],
790 652 1002 749 paullulum
1031 650 1312 726 irroboraverit.

232 765 311 841 set
333 777 562 858 mutueris,
587 772 654 867 qui
678 771 817 854 Plotini
843 772 1003 844 amarias
1028 757 1207 869 tauquam
1233 794 1313 844 oer-

232 888 398 962 u‘ssimos
422 888 714 987 philosophandi
738 899 909 966 auctores
924 903 975 964 et
998 893 1127 965 uuicos
1154 892 1312 988 siliqui-

231 1008 321 1081 tatis
359 1010 580 1106 interpretes
618 1010 895 1109 propemodum
927 1014 969 1100 in
999 1012 1143 1085 eoelum
1176 1010 1310 1087 uranu

231 1126 317 1203 Nou
350 1128 484 1220 laetos,
516 1131 651 1229 inquis.
706 1132 767 1205 De
800 1134 930 1205 cetaria
962 1153 1039 1204 uon
1063 1132 1177 1205 nimia
1201 1154 1312 1228 repu-

230 1270 314 1344 gno.
341 1247 419 1323 Sed
444 1249 632 1347 quomodo
659 1250 732 1324 hoe
762 1251 812 1324 de
825 1250 990 1346 I'eyloro
1016 1254 1199 1351 suspicari
1222 1274 1312 1351 pos-

231 1385 378 1462 sumus,
419 1373 483 1469 qui
521 1374 562 1443 in
605 1371 878 1447 Plstuuieorum
903 1372 1038 1466 ¹studio
1070 1374 1178 1470 quasi
1209 1372 1312 1447 vitae

230 1512 321 1565 suae
352 1490 589 1566 tahernamla
622 1492 843 1567 eolloeaviti
876 1495 940 1591 qui
965 1492 1123 1582 Plotini,
1156 1489 1311 1565 lambli-

229 1611 310 1701 ohi,
345 1611 493 1684 Proculi
529 1610 644 1685 libros
675 1612 893 1711 plerosque,
928 1612 1090 1710 denique
1115 1613 1310 1686 Platonem

230 1733 370 1829 ipsum,
396 1742 555 1830 quantus
580 1743 739 1834 quantus
765 1744 833 1821 est,
858 1735 898 1804 iu
924 1733 1164 1807 vernaculum
1190 1745 1310 1805 usus-

231 1852 318 1926 tulit
347 1851 580 1926 sermouemi
618 1854 720 1948 eujus
754 1854 975 1948 conjecturis
1010 1852 1111 1925 docti
1136 1853 1309 1926 homiues

216 1974 385 2047 ¹iuventa
423 1994 494 2045 sua
523 1986 778 2071 superstruere
810 1974 932 2048 solent
964 1986 1140 2071 moquam
1175 1971 1310 2046 lunda·

229 2093 390 2174 montisi
422 2093 492 2167 Est
517 2115 607 2166 sane
633 2115 769 2193 auceps
789 2093 994 2190 judicium
1027 2093 1211 2188 'l'aylorus
1244 2095 1311 2184 ait,

229 2215 471 2290 Ruhnkenius
497 2228 618 2310 negat.
655 2213 758 2290 Utri
785 2214 1009 2289 creditisi
1034 2215 1220 2314 Equidem
1248 2238 1309 2287 me

114 2343 117 2350 ⁴
229 2357 306 2410 uon
329 2338 581 2434 interponem3
621 2348 765 2410 tautum
792 2336 932 2429 diram,
966 2347 1144 2435 quantum
1171 2359 1217 2409 ex
1241 2336 1309 2410 illa

229 2455 504 2532 Chaldaeorum
542 2459 776 2532 omentorum
818 2459 1035 2533 collectione
1057 2458 1100 2558 [θ]
1121 2518 1126 2526 .
1137 2456 1307 2553 judicare

229 2596 396 2677 possum,
423 2578 626 2672 'leylorum
652 2582 693 2652 in
717 2578 1008 2676 interpretandis
1034 2591 1203 2654 veterum
1223 2601 1307 2651 seu·

229 2700 356 2772 tentiis
395 2703 452 2773 sie
484 2703 629 2775 uersari
662 2700 802 2788 solere,
842 2711 885 2773 ut
918 2720 1039 2798 neque
1071 2698 1307 2773 librariorum

228 2819 383 2909 merida,
415 2842 534 2919 nequa
567 2820 847 2921 typothetarum
872 2832 994 2893 errata
1019 2818 1306 2907 animadvertat,

229 2938 296 3014 sed
338 2940 495 3015 verbum
535 2940 583 3013 de
621 2942 756 3016 verbo
779 2941 936 3015 reddere
968 2953 1161 3014 contentus
1192 2961 1305 3037 saepe

229 3129 349 3183 hendisse
366 3131 430 3184 dicit
448 3138 475 3185 et
492 3132 666 3185 confusionem
683 3132 848 3185 materiarum
866 3132 933 3184 male
950 3131 1141 3184 cohaerentium
1153 3137 1301 3197 temereque

229 3201 385 3267 effusarum,
411 3202 475 3255 haee
493 3201 580 3255 addin
606 3203 643 3255 Id
666 3220 748 3256 varo
772 3217 889 3273 parurn
913 3201 1031 3255 mirum
1048 3202 1189 3254 videtur
1206 3200 1244 3252 ab
1262 3217 1302 3252 eo

229 3271 370 3339 homine,
388 3273 445 3341 qui
460 3273 723 3345 philosophiam
740 3273 1042 3344 neo-platonicam
1062 3270 1219 3342 appellat
1232 3287 1302 3323 seu·

228 3343 303 3395 tina
320 3350 354 3395 et
371 3350 469 3395 cento
487 3343 692 3398 versicolor.
717 3344 882 3398 Prooluur
899 3344 1006 3412 magis
1025 3342 1185 3407 anstrat,
1203 3358 1301 3410 quatu

228 3415 439 3469 noscendum
455 3421 490 3466 et
505 3414 776 3484 intelligendum
794 3416 891 3469 facit.
935 3414 1042 3468 Tales
1060 3413 1238 3482 hucusque
1255 3411 1302 3463 hi-

228 3486 388 3537 storicos
405 3485 559 3538 habuere
576 3486 816 3538 Alexandrini.
851 3485 911 3539 Hoc
927 3494 968 3538 est
985 3485 1018 3537 de
1034 3485 1177 3547 Bruckero‚
1196 3482 1302 3536 Mesha-

228 3555 294 3620 tuio‚
312 3556 497 3608 Teunamanno
516 3555 622 3609 Cousini
635 3555 778 3624 judicium
801 3573 885 3625 neque
909 3555 936 3608 id
953 3555 1069 3608 mirum
1087 3556 1128 3608 ab
1145 3571 1185 3606 eo
1202 3552 1302 3607 horsi·

228 3641 283 3691 ne,
308 3627 354 3695 qui
371 3625 611 3679 Ecleotismus
629 3635 656 3679 et
673 3626 867 3680 recollexit
889 3633 917 3678 at
934 3632 1039 3678 caetera
1055 3625 1175 3695 scripsit,
1200 3640 1301 3693 quaes

228 3695 360 3749 Grauraro
378 3696 491 3765 'l'aylori
508 3696 664 3750 admiratore
681 3708 708 3751 et
725 3697 862 3749 laudatore
879 3714 974 3749 surmno
992 3697 1019 3748 in
1032 3696 1121 3749 Praei.
1132 3694 1217 3748 Procl.
1232 3695 1267 3746 T.
1278 3693 1300 3746 I.

228 3767 364 3836 exagitata
381 3773 456 3833 sunt,
473 3783 524 3819 non
541 3767 649 3837 indigna
666 3786 729 3823 sane
746 3768 844 3821 Plotini
862 3784 1002 3837 praeeone3
1021 3766 1075 3835 qui,
1093 3773 1123 3818 ut
1139 3763 1300 3833 Porphyrius

227 3840 309 3890 refert
324 3838 352 3890 in
370 3839 432 3890 Vita
449 3856 475 3909 p.
492 3837 519 3890 9.
536 3855 569 3889 ne
587 3839 696 3891 humana
713 3839 864 3908 loqueretur
881 3835 1112 3922 disperpiderunt
1128 3835 1300 3908 potiusquam

229 3904 464 4046 ιὶνιιμιῖἥνήσκεται
481 3908 568 3960 dicere
584 3909 714 3975 tnelebet,
733 3916 761 3961 et
777 3908 830 3961 alie
847 3890 1000 3978 hujusmodi.

357 3979 375 4031 I.
393 3996 416 4030 c.
434 3997 459 4048 p.
477 3978 598 4032 LXVIII.

299 4049 338 4116 [θ]
357 4048 484 4103 Classical
501 4049 592 4103 Journ.
610 4048 643 4104 Τ.
660 4048 733 4104 XVI.
751 4056 778 4101 et
795 4047 881 4113 xvir.
