2909 4825
486 276 870 339 Bonosum..
1116 269 1201 344 t65

124 437 255 512 tollere
279 438 321 510 in
344 437 481 532 majus,
507 434 658 512 Pindari
672 438 870 530 videlicet,¹
888 439 1096 537 Sophoclis,
1123 444 1201 515 lso-

123 560 235 632 cratis
261 557 510 654 aliorumque,
542 559 701 654 quisue
726 562 861 657 quique
887 560 970 634 loco
996 561 1202 659 producen-

123 691 193 754 tur.
244 677 393 752 Deinde
424 689 607 751 secretum
639 680 786 776 ipsum,
824 693 868 754 ut
892 681 1059 779 quotidie
1086 706 1201 783 expe·
1274 697 1279 705 ·

120 800 259 888 mmor,
291 796 500 871 incredibili
533 796 692 896 quadam
718 802 761 874 ui
786 799 845 873 adt
861 801 1057 878 allicienda
1082 818 1120 878 et
1144 828 1201 878 re-

95 923 99 930 ’
121 916 278 992 linenda
307 917 501 992 hominum
535 918 659 1024 studia
683 919 896 1018 praeditum
923 935 981 995 est
1003 925 1202 1024 pluresque

120 1039 186 1113 ille
218 1060 420 1112 arcanus
453 1035 621 1114 horror
652 1053 904 1140 sanctaque
928 1044 1203 1139 ignorantia

61 1244 64 1248 ‚
122 1171 309 1233 amatores
347 1158 462 1240 babet
490 1183 604 1257 quam
637 1158 740 1235 nuda
771 1160 1011 1261 simplexque
1042 1167 1201 1257 veritas3

121 1269 417 1378 quod'uulgo
450 1290 539 1370 est,
573 1281 669 1356 vile
701 1292 789 1374 est5
816 1282 1045 1383 quidquid
1070 1284 1200 1375 latet,

122 1411 261 1475 extat
290 1399 541 1492 honorum,
575 1396 763 1500 Corippus
795 1406 848 1476 ait
882 1402 930 1477 de
961 1403 1079 1479 Laud.
1106 1404 1200 1479 Just

121 1521 187 1597 IV.
212 1521 273 1595 86.
310 1533 349 1594 et
381 1521 429 1596 de
462 1523 648 1616 mysteriis
681 1523 775 1621 ipsis
802 1507 991 1620 Synesius.
1017 1525 1064 1598 de
1090 1525 1200 1600 Prov.

119 1640 271 1718 11124.
296 1642 339 1720 B.
365 1643 537 1747 ἀγνωσία
564 1640 746 1743 σεμνότης
771 1639 831 1721 bri
854 1656 1012 1725 τελετῶν
1037 1648 1102 1723 καὶ
1118 1645 1198 1734 νύξ.

50 1767 56 1772 “
122 1765 189 1843 διὰ
214 1773 327 1842 ταῦτα
353 1761 562 1868 πιστεύεται
587 1765 635 1842 τὰ
660 1763 848 1867 μυστήρια
873 1768 938 1844 καὶ
958 1770 1085 1869 ἄβατα
1107 1766 1200 1864 σπή-

122 1897 210 1963 λαια
242 1885 307 1962 διὰ
339 1895 450 1962 τοῦτο
484 1884 698 1986 ὀρύττεται,
736 1888 860 1986 καιροὶ
885 1889 949 1963 καὶ
974 1887 1082 1964 τόποι
1108 1886 1200 1989 xpri-
1301 1947 1303 1952 s

121 2035 229 2085 πτειν
261 1989 404 2091 cidisse¹
434 2005 708 2109 αἷῤῥητουργίαιι
742 2009 887 2083 ἔνθεον.
922 2008 1116 2096 -Esto,
1143 2011 1200 2079 in·

121 2130 221 2227 quit3
247 2125 314 2199 sed
337 2148 401 2199 cur
420 2125 657 2199 occuluerunt
675 2127 829 2197 omnino
847 2148 942 2223 quae
954 2128 1056 2198 scire
1070 2149 1199 2199 omnes
1219 2207 1223 2232 ὅ

119 2246 273 2338 liceret?
298 2246 431 2321 Nonne
455 2247 526 2320 hoc
550 2267 723 2341 magittus
750 2244 1012 2320 documentum
1039 2258 1106 2337 ost,
1131 2241 1224 2346 pol
1295 2284 1299 2304 ι

120 2371 272 2471 pulores
306 2368 586 2469 superstitiones
612 2367 659 2441 ab
684 2366 955 2466 Hierophantis
980 2368 1136 2464 rejectas
1157 2379 1201 2441 ‘et

120 2492 301 2566 refutatas
335 2489 437 2565 cosei
470 2487 653 2586 Equidem
687 2490 779 2562 haec
810 2490 929 2562 multo
955 2488 1073 2563 aliter.
1087 2492 1214 2563 inter-.
1290 2480 1294 2491 ’
1354 2535 1357 2539 -

121 2625 263 2714 pretor.
304 2609 401 2686 Nam
433 2611 528 2683 siout
552 2610 655 2683 nulla
681 2609 759 2682 fere
784 2610 873 2684 urbs
899 2610 983 2701 fuit,
1009 2632 1106 2708 quae
1124 2632 1199 2683 non
1223 2532 1236 2669 i

120 2734 280 2810 haberet
299 2730 509 2809 domestica
533 2729 715 2827 quaedam
741 2753 845 2803 saera
868 2732 908 2803 iu
936 2737 1075 2827 operto
1089 2733 1200 2820 culte,
1262 2772 1264 2775 v

119 2856 202 2931 alia
233 2851 415 2949 indigenis
449 2850 629 2927 duntaxat
653 2862 761 2941 nota,
789 2852 864 2924 alia
888 2858 937 2923 ne'
962 2852 1035 2924 his
1048 2852 1199 2949 quidem

120 2973 319 3064 omnibus,
345 2970 412 3047 sed
437 2970 690 3046 sacerdotibus
715 2971 806 3044 solis
834 2975 979 3045 conseia
1006 2974 1057 3070 (v.
1077 2964 1126 3045 L.
1153 2975 1199 3047 11.

119 3122 152 3171 c.
178 3096 245 3170 ΠΙ.
271 3092 305 3193 ξ.
330 3092 382 3192 3.)
413 3094 468 3166 ita
493 3106 636 3169 veteres
662 3092 873 3165 Eleusinios
900 3090 1083 3165 contendo
1110 3091 1201 3165 deos
1221 3131 1229 3247 p

117 3217 278 3319 patrios*
293 3215 468 3290 secretius
495 3224 533 3286 et
552 3215 637 3293 ,sine
651 3210 791 3289 arbitro
809 3213 1033 3310 propitiasse
1047 3225 1201 3310 propter

120 3326 208 3413 eas'
230 3350 379 3424 causas,
420 3357 510 3433 quas
549 3336 591 3409 in
626 3332 788 3439 secunda
821 3332 953 3404 horum
970 3404 971 3407 ,
986 3310 1199 3408 sbrmonum

117 3468 233 3559 parte
258 3456 469 3555 explicabo,
495 3467 627 3554 postea
653 3475 764 3544 vero,
789 3475 922 3551 quum,
941 3453 1126 3528 Eleusine
1151 3452 1199 3525 ab

120 3577 414 3657 Atheniensibus
439 3580 480 3679 in
506 3576 688 3653 ditionem
712 3586 880 3672 recepta,
913 3576 1082 3672 primum:
1103 3573 1201 3647 Atti·
1256 3610 1259 3619 ·

120 3724 191 3775 cae
232 3698 376 3775 civibus
418 3699 607 3788 omnibus,
648 3695 784 3770 deinde
823 3694 975 3769 Graecis
1015 3693 1200 3769 universis

121 3824 236 3921 copia
269 3821 368 3897 facte
396 3829 496 3897 esset
527 3821 617 3893 haec
638 3840 755 3892 sacra
782 3815 971 3906 obeundis
1001 3828 1083 3888 tum
1109 3837 1200 3886 vero

123 3952 277 4017 retenta
310 3951 365 4015 est
398 3939 578 4039 quaedam
612 3932 743 4012 secreti
776 3939 916 4036 speeies
950 3936 997 4008 ad
1024 3931 1200 4007 tuendam

120 4063 335 4136 sanctitatis
362 4064 574 4162 opinionem
601 4061 807 4133 necessaria
833 4055 1080 4145 stolonibus,
1107 4077 1201 4152 quae
