2909 4825
253 199 333 276 wi
573 213 718 270 menn
743 212 1006 271 arcunnus.

255 367 1203 462 ambtsmhcltlnmtlssersmemmt,
1235 394 1331 470 quae

249 493 501 583 «Athenienses
532 489 581 567 ab
614 492 751 565 exteris
783 491 900 567 asdta
914 516 916 522 ·
932 491 970 565 et
1004 494 1180 568 meante
1209 493 1332 567 coloe

254 627 360 704 runt,
398 611 448 686 de
469 611 641 687 Sabanlia
672 633 788 684 unum
820 622 954 685 testem
987 612 1077 686 lacit
1107 604 1332 687 Denrosdie-

253 755 352 808 nem.
403 734 454 806 Et
484 733 596 828 hujus
628 734 850 829 interpretes
882 733 1002 827 graeci
1036 731 1085 806 ad
1116 734 1218 807 Fals.
1242 733 1331 830 Lag.

134 856 137 863 '
254 878 293 952 p.
318 854 406 929 431.
432 853 498 927 ubi
524 864 651 928 orator
675 849 898 925 Aeschinem
927 853 1090 949 exagitat
1113 855 1184 933 τὸν
1205 859 1331 957 Ἀτρο-

254 974 375 1076 μίμου
417 984 486 1055 τοῦ
526 981 814 1077 γροψματιστοῦ
851 972 917 1049 καὶ
957 977 1220 1065 Γλαυκοθέας,
1263 987 1332 1073 τῆς

89 1194 94 1199 .
253 1097 343 1183 τοὺς
374 1093 539 1181 θιάσους
552 1089 818 1197 συναγούσης,
854 1094 911 1193 ἐφ’
937 1094 993 1178 οἷς
1018 1097 1125 1196 ἑτέρα
1147 1097 1331 1194 τέθνηκεν

254 1219 388 1320 ἱέρεια,
414 1216 506 1289 haec
530 1212 776 1287 adnotarunt:
802 1215 839 1289 οἱ
859 1215 1051 1311 Ἀθηναῖοι
1075 1219 1114 1302 ἐξ
1132 1218 1249 1318 ἀρχῆς
1267 1218 1330 1322 γέ-

255 1348 356 1416 λωτα
391 1337 487 1415 εἶναι
511 1334 576 1412 καὶ
600 1333 718 1435 ὕβριν
742 1333 840 1411 κατὰ
863 1343 942 1414 τῶν
966 1337 1086 1423 ὄντας
1109 1338 1332 1440 μυστηρίων

254 1458 304 1536 τὰ
338 1453 544 1557 τελούμενα
578 1463 700 1532 ταῦτα
724 1453 941 1553 νομίζοντες
971 1455 1041 1554 τὴν
1072 1457 1208 1558 ἱέρειαν
1240 1459 1331 1535 ἀπέ-

253 1606 407 1657 κτειναν
426 1621 477 1632 -
498 1574 594 1676 μετὰ
619 1572 662 1652 δὲ
686 1583 800 1653 τοῦτο
824 1583 894 1653 τοῦ
919 1580 1016 1654 θεοῦ
1037 1576 1247 1680 χρήσαντος
1265 1583 1330 1655 ἐᾶ-

256 1722 321 1775 σαι
339 1698 531 1801 γενέσθαι,
557 1695 628 1793 τὴν
642 1694 827 1793 Αἰσχίνου
842 1698 984 1795 μητέρα
996 1704 1108 1797 μυεῖν
1125 1700 1332 1801 ἐπέτρεψαν

252 1838 292 1916 p.
328 1816 412 1889 115.
444 1814 594 1915 Ulpian.
628 1812 869 1889 Sacerdotem
901 1816 1006 1889 illam
1031 1817 1182 1915 capitali
1206 1840 1332 1917 poena

252 1936 423 2011 affectam
457 1935 598 2012 Ninum
634 1936 751 2009 fuisse
776 1933 884 2009 dccet
910 1935 1033 2010 Sobel.
1058 1934 1153 2033 Aug.
1178 1962 1217 2037 p.
1245 1938 1330 2012 167.

253 2068 504 2132 accusatorem
518 2056 736 2145 Meneclem,
762 2064 873 2152 quem
889 2066 976 2130 ante
990 2055 1203 2131 archontem
1216 2058 1330 2133 Thes-

252 2178 375 2253 salum
415 2176 477 2253 vel
508 2173 785 2274 Apollodorum
817 2176 889 2247 hoe
921 2188 978 2250 est
1010 2188 1098 2250 ante
1128 2176 1329 2253 secundnm

251 2298 315 2375 vel
348 2299 499 2370 tertium
532 2316 672 2370 annum
705 2294 764 2369 01.
799 2291 911 2368 cvn
944 2308 1135 2370 munuum
1167 2320 1250 2373 esse
1272 2322 1330 2374 rex

182 2429 193 2438 '
253 2420 441 2513 Dionysio
475 2415 524 2490 de
556 2416 734 2491 Dinarcla
767 2438 804 2513 p.
838 2415 1330 2519 oas.l.v.01ucet‚quc

252 2551 423 2637 tempore
452 2537 725 2611 Demosthenes
756 2557 898 2611 annum
932 2540 1065 2613 aetatis
1101 2540 1329 2635 trigesimum

89 2679 117 2724 ω
252 2671 427 2758 quartum
464 2659 686 2756 quintumve
719 2656 864 2753 agebat
928 2657 1032 2734 ldem
1067 2682 1158 2737 vero
1192 2661 1329 2736 Demo·

198 2797 209 2822 ’
251 2776 420 2866 sthenes,
455 2798 572 2876 quum
604 2780 645 2851 in
671 2776 736 2851 Or.
761 2801 799 2876 p.
827 2774 911 2851 Cor.
938 2777 1025 2853 313.
1051 2803 1075 2855 a
1101 2782 1329 2856 Glaucethea

251 2917 293 2969 se
319 2895 522 2972 admodum
549 2897 868 2971 adolescentulum
893 2901 1082 2974 initiatum
1109 2903 1248 2994 scribit,
1272 2906 1341 2977 in·‘

252 3013 392 3092 dicium
425 3017 599 3117 praebet,
631 3019 723 3093 haec
749 3029 831 3094 tum
857 3041 962 3093 sacra
985 3025 1170 3118 permissa
1197 3025 1326 3119 legem·

251 3159 336 3235 que,
368 3159 415 3212 ex
440 3161 514 3237 que
545 3140 731 3214 Menecles
763 3150 895 3213 contra
927 3140 1066 3215 Ninum
1095 3145 1188 3240 egit,
1222 3145 1329 3218 abro-

251 3268 377 3353 getam
410 3258 537 3334 fuisse.
596 3259 930 3352 Qnaesiretenta
956 3274 1154 3363 estusque
1181 3263 1329 3339 adDe-

252 3378 458 3454 mosthenis
497 3384 718 3482 pueritiam,
755 3380 1004 3455 Sabazioruru
1037 3405 1127 3474 usus
1158 3385 1328 3484 publicus

223 3486 363 3626 lantes
394 3502 519 3578 nullus
551 3501 643 3593 fuit,
677 3506 850 3600 privatus
883 3524 959 3575 non
992 3505 1066 3578 nisi
1097 3507 1138 3578 in
1172 3505 1329 3580 obscuro

145 3697 151 3706 ,
251 3622 478 3722 occultoque.
536 3622 613 3697 Sed
652 3621 817 3696 dubitari
855 3635 983 3721 potest
1015 3647 1064 3697 an
1097 3624 1327 3722 Scholiogra·

150 3727 154 3739 ’
249 3741 367 3838 phos,
401 3755 444 3817 ut
478 3745 570 3818 haec
602 3765 707 3818 sacra
739 3743 844 3840 prius
877 3746 1019 3819 severis
1050 3745 1194 3842 legibus
1228 3769 1330 3820 coer·

250 3863 344 3955 cita,
369 3876 458 3962 post
481 3861 668 3963 Apollinis
695 3864 918 3938 auctoritate
944 3864 1109 3940 admissa
1133 3887 1216 3940 esse
1241 3870 1329 3942 scri-

250 3979 374 4071 beret,
414 4005 528 4064 unam
568 3986 663 4060 hunc
703 3983 876 4060 habuerit
914 3988 1117 4077 rationem,
1150 3987 1252 4086 quod
1284 4011 1330 4063 ea
