2909 4825
240 237 293 315 02
518 207 524 228 ⁴
598 250 742 308 arnna
768 253 956 310 neruus

239 412 583 511 superstitiosorum
617 411 841 509 cupiditates
866 414 1022 512 explere
1047 429 1208 512 posset,
1225 440 1312 516 pro·

237 534 338 610 fessa
370 555 415 607 ac
444 530 621 630 pollicita
679 531 743 607 Ad
776 555 887 632 quam
919 535 953 607 si
978 536 1140 633 pop’ulus
1167 548 1205 610 et
1229 540 1323 614 vul·x

237 676 305 750 gur
335 654 596 751 imperitorum
629 674 714 728 sese
745 652 928 744 dedisset,
964 657 999 728 si
1023 657 1152 751 pauci,
1186 658 1221 731 si
1244 658 1312 749 illi,

236 793 334 873 quos
358 771 502 858 Ennius
528 770 750 848 detestetur

322 897 382 986 dut
398 897 510 954 'inertes
532 903 584 952 eut
603 897 702 954 insum
724 905 775 954 aut
796 896 900 974 quibus
922 906 1038 978 egestas
1060 898 1193 975 imperet,

156 998 160 1010 ’
234 1014 329 1090 nihil
366 1034 456 1086 sane
486 1012 561 1084 nisi
593 1031 827 1087 communem
858 1014 1031 1089 indoctae
1064 1014 1306 1092 semidoctae

235 1158 307 1233 que
335 1129 584 1217 multitudinis
605 1144 746 1206 sortem
766 1155 1081 1232 conquereremur.
1134 1135 1221 1226 Sed,
1239 1158 1309 1234 pu·

234 1253 399 1330 dendum
441 1252 561 1341 dictu,
603 1249 849 1350 philosophos
886 1254 1046 1349 legimus
1081 1278 1201 1354 neque
1243 1277 1310 1330 eos
1387 1255 1389 1260 ’

233 1374 416 1471 ignobiles
457 1383 495 1445 et
535 1372 628 1446 satis
668 1384 883 1468 arrogantes
924 1374 1034 1469 hujus
1066 1375 1308 1474 turpitudinis
1379 1403 1383 1412 ’

232 1513 309 1574 non
341 1493 544 1593 participes
576 1491 645 1566 sed
677 1491 790 1568 duces
822 1507 860 1567 et
885 1496 1079 1591 signiferos
1104 1496 1237 1586 fuisse,
1261 1497 1313 1570 il·

231 1618 291 1692 los
322 1618 427 1713 ipsos
458 1614 736 1688 Platonicorum
763 1614 1010 1714 coryphaeos,
1046 1617 1310 1714 Porphyrium„

232 1734 516 1846 Jambhchum„
532 1734 750 1824 Proculum,
783 1750 948 1810 caeteros
982 1735 1091 1832 hujus
1117 1741 1314 1840 ispcir,pe-··

231 1867 338 1947 νεᾶς,
366 1854 500 1952 quibus
526 1867 646 1929 terrae
670 1867 796 1930 motus
821 1879 1054 1954 compescere
1077 1855 1187 1931 ludus
1213 1867 1305 1946 net,

230 1975 369 2053 imbres
396 1976 527 2049 elicere
546 1977 667 2071 jocus,
693 1985 872 2074 tantaque
891 1998 976 2052 cum
997 1977 1136 2054 divinis
1152 1980 1305 2069 natulis,

230 2096 424 2187 heroibus,
456 2097 592 2193 geniis,
625 2097 782 2191 angelis,
800 2096 1034 2194 archangelis
1059 2097 1304 2189 familiaritas,

191 2205 196 2216 ’
229 2229 274 2292 ut
297 2241 408 2318 quem
434 2219 588 2316 quisque
613 2233 745 2292 eorum
770 2219 810 2290 in
820 2216 1038 2310 Hierarchia
1062 2219 1212 2293 coelesti
1238 2218 1303 2292 ob·

228 2342 364 2415 tinerm
394 2339 538 2430 locum,
571 2338 694 2436 primo
728 2336 907 2436 adspectu
931 2349 1179 2434 agnoscerent
1228 2340 1302 2419 lta-

229 2483 301 2560 que
327 2458 375 2532 de
399 2438 458 2533 his
485 2459 653 2533 omnium
679 2458 962 2554 intelligentium
987 2482 1062 2533 una
1081 2482 1228 2558 semper
1246 2472 1302 2537 et·

229 2602 301 2679 que
327 2577 459 2652 eadem
479 2579 551 2652 fuit
569 2581 765 2669 sententia,
790 2579 983 2676 solumque
999 2579 1071 2654 hoe
1090 2579 1301 2676 ambigitur,

124 2760 127 2769 .
228 2698 485 2798 improbiusne
514 2701 662 2773 mentiti
693 2723 742 2774 an
774 2697 941 2798 putidius
973 2699 1226 2799 philosophati
1251 2723 1301 2775 an

227 2821 391 2918 ineptius
410 2818 569 2895 Homeri
592 2819 830 2918 Platonisque
854 2821 1053 2894 sententias
1068 2822 1301 2921 interpretati
1329 2806 1331 2811 ’

226 2941 367 3017 fuerint
396 2940 587 3014 Platonici.
649 2939 724 3015 Sed
750 2940 797 3014 de
821 2941 1023 3017 mendaciis
1048 2964 1177 3015 eorum
1194 2941 1299 3015 infra

229 3060 389 3155 dicetur3
416 3060 462 3135 de
487 3062 618 3135 ceteris
642 3062 844 3140 uirtutibus
868 3062 1110 3137 Ruhnkenius
1136 3056 1300 3152 breuiter
1379 3112 1384 3122 -

98 3172 103 3179 ’
173 3265 176 3273 ,
228 3179 487 3282 diurnaeque,
518 3182 618 3281 quod
648 3205 708 3256 res
734 3182 864 3274 babet,
888 3185 1158 3282 pronunciavit
1192 3182 1298 3273 „Etsi

228 3303 459 3400 ‚,Longinus,
489 3305 627 3401 inquit,
658 3304 921 3418 Ammonium,
956 3304 1170 3415 origenem,
1202 3303 1297 3381 Am-

228 3427 443 3522 „moniique
468 3422 691 3523 discipulum
717 3425 916 3515 Plotinum,
940 3424 1024 3498 aliis
1050 3426 1181 3498 aetatis
1207 3447 1298 3501 suae

227 3545 484 3643 „philosophis
516 3545 761 3635 anteferebat,
793 3567 870 3619 non
902 3555 1027 3618 tamen
1058 3543 1194 3618 idcirco
1221 3546 1297 3618 exi-
1407 3540 1415 3545 ”

226 3663 479 3757 ,stimandum
510 3677 584 3757 est,
623 3664 912 3765 philosophandi
943 3666 1145 3756 rationem,
1185 3687 1297 3764 quam

228 3785 308 3876 „illi
331 3797 587 3884 sequerentur,
613 3808 681 3883 per
706 3787 834 3859 omnia
858 3784 1107 3884 probasse-
1126 3830 1178 3841 —
1196 3785 1294 3857 Lon·

227 3907 376 4001 ,ginnrn
399 3909 543 4003 ignoret
568 3917 734 4004 oportet,
760 3906 823 4003 qui
847 3905 915 3978 tali
938 3907 1085 4001 ingenio
1110 3904 1295 4004 placuisse

227 4024 374 4117 „medat
403 4024 534 4100 duram
567 4037 604 4098 et
636 4035 843 4100 contortam
868 4026 1194 4126 philosophorum,
1231 4025 1296 4123 qui
1322 4122 1329 4135 ·
