2909 4825
275 225 353 310 m
608 238 1031 309 LIBBUBGUNDUS.

113 389 116 406 '
276 393 528 482 &holitori
550 394 836 495 &menn-[⁸]
867 405 1039 495 eanum
1073 418 1173 489 een,
1203 339 1269 498 nri
1300 399 1341 474 in

275 520 404 600 ottlic
421 518 450 596 l
470 515 647 594 simon
670 514 733 598 lv.
760 514 845 592 lot.
871 511 912 590 0.
943 518 985 592 iu
1009 516 1249 596 madum
1273 519 1341 597 Οι-

275 641 364 742 pltei
393 636 767 716 retrusam
802 655 950 733 quopere
983 634 1146 714 deridete
1182 639 1341 743 Παρίτω

275 762 337 840 uei
367 767 483 844 πᾶσιν
515 754 704 855 indm
733 784 774 832 ae
803 754 870 856 uoti
901 756 922 834 d
950 758 1192 857 Ἠρικαπαῖος
1222 759 1286 840 καὶ
1315 760 1339 837 ὁ

276 877 421 965 πάντας
445 875 671 957 καταπίνων
684 873 776 984 τὼ
796 876 934 960 ‹ittooe
949 875 1018 954 'de'
1046 878 1250 965 ἀναδιδοὺς
1270 883 1340 956 ds-

52 1063 54 1070 ,
116 986 119 992 ’
278 1000 366 1090 οὺς,
398 1003 463 1080 ἵνα
487 999 637 1103 γένηται
660 995 782 1106 πατὴρ
806 995 964 1097 ἀνδρῶν
986 1027 1027 1074 ts
1049 1002 1156 1077 mor
1179 1027 1230 1076 ce.
1264 1019 1340 1096 quo

276 1118 360 1202 loco
392 1135 514 1215 neque
546 1115 765 1203 Samrnum,
800 1137 920 1212 neque
945 1114 1146 1194 Pheneum
1179 1128 1245 1192 aut
1278 1115 1340 1192 Ja-

277 1260 368 1312 num
400 1236 556 1332 intelligi
587 1233 654 1309 sed
685 1233 819 1311 lovem
855 1232 1033 1312 adversus
1059 1238 1266 1312 Gesnerum
1290 1237 1341 1312 atl

214 1379 216 1388 ’
278 1357 393 1456 Orpls
419 1378 456 1454 p.
484 1356 568 1432 192.
592 1365 633 1428 ot
657 1354 891 1440 visanum
913 1352 1097 1432 PioClem.
1122 1356 1166 1431 T.
1191 1358 1254 1434 Vl.
1282 1357 1340 1431 13.

278 1475 510 1560 demonstrat
537 1473 658 1571 Zoega
680 1473 850 1566 Bassircl.
884 1472 928 1547 Τ.
952 1475 998 1548 Π.
1032 1499 1068 1573 p.
1096 1475 1180 1554 lor.
1212 1477 1340 1553 dextm

279 1617 369 1671 tuus
402 1593 540 1670 Suidae
572 1608 610 1668 et
636 1594 864 1669 Scholiastae
894 1593 1038 1684 verbis,
1072 1619 1168 1694 quae
1191 1598 1342 1672 cicuta

278 1715 389 1791 Billio
416 1737 594 1790 conversa
623 1725 710 1792 sunt
735 1717 836 1809 (nam
868 1714 1005 1810 graecis
1035 1715 1091 1788 uti
1121 1738 1197 1790 uon
1221 1717 1341 1814 licuit)

279 1834 502 1912 annuam:
560 1834 611 1909 In
657 1833 877 1932 Orphicis
922 1835 1208 1910 carminibus
1253 1857 1341 1911 uua

280 1977 379 2033 cum
414 1955 526 2030 aliis
559 1953 653 2028 diis
686 1953 925 2027 inducitur
958 1954 1097 2029 etiam
1128 1956 1204 2030 hic
1228 1957 1341 2031 Pha·

278 2099 360 2152 nes
393 2073 671 2166 obscoenam
703 2075 918 2173 corporis
950 2085 1129 2171 partem
1154 2075 1211 2150 ad
1236 2077 1340 2151 fon·

279 2210 371 2271 tem
396 2191 534 2300 (πῃγῆγ
558 2194 648 2291 legit
672 2215 741 2291 pro
766 2191 906 2299 πυγήν)
938 2192 1130 2285 habens,
1156 2195 1340 2271 eodem·

279 2315 415 2393 modo
443 2327 488 2388 et
511 2314 812 2413 Ericapaeus.
862 2311 925 2388 Ac
949 2312 1126 2389 Pliones
1155 2316 1339 2416 quidem

279 2436 422 2514 vitali
447 2435 668 2512 facultati
693 2430 968 2533 praesidere
993 2433 1204 2534 fingitur,
1236 2439 1340 2513 Eri·

181 2644 183 2651 χ
280 2576 480 2655 capaeos
506 2566 662 2628 autem
681 2554 825 2628 alteri
850 2553 1051 2645 cuidam,
1076 2554 1340 2656 prodigiosi

280 2674 516 2753 videlicet
559 2672 743 2771 quidam
786 2671 855 2746 dii
890 2683 935 2746 et
972 2674 1234 2750 execrandi.
1281 2678 1341 2755 At

281 2816 392 2873 vero
426 2816 506 2892 per
538 2792 666 2868 deum
702 2789 814 2866 deos
850 2814 1007 2868 omnes
1043 2791 1340 2875 devorantem

283 2915 534 2989 Saturnum
571 2912 816 3010 intelligit.
851 2937 889 3013 p.
925 2913 1011 2990 384.
1046 2911 1087 2988 Β.
1143 2903 1341 3014 Duplicem

282 3056 463 3123 errorem,
508 3054 581 3130 quo
613 3032 756 3107 roanos
791 3032 838 3107 ab
873 3035 1074 3132 Erieapaeo
1107 3034 1342 3132 distinguitur

283 3167 321 3229 et
346 3177 429 3228 oum
455 3153 635 3243 Satomo,
662 3175 772 3251 quem
798 3153 932 3229 suidas
956 3167 1055 3230 recto
1080 3158 1116 3230 ei
1140 3159 1339 3255 componit,

282 3276 540 3374 permiscetur,
575 3274 712 3347 refutat
738 3272 905 3371 Orpheus
937 3276 1029 3372 ipse.
1078 3274 1267 3349 Postremo
1294 3276 1342 3350 do

282 3418 416 3491 genero
442 3393 502 3468 dei
526 3394 723 3489 Protogoni
749 3391 848 3491 quod
874 3391 963 3466 dicit
987 3393 1182 3488 Proculus,
1212 3400 1342 3471 confir·

284 3527 410 3591 matur
442 3513 626 3589 Laetmtfi
661 3514 874 3587 testimonio
908 3511 950 3586 Ι.
982 3513 1044 3587 lV.
1079 3515 1115 3590 8.
1151 3514 1188 3591 4.
1237 3516 1340 3593 Nisi

284 3636 409 3711 forte
459 3631 838 3709 existimabimus
888 3629 1038 3724 deum,
1088 3638 1209 3710 sicut
1254 3636 1339 3712 Or-

356 3875 411 3946 [Β]
428 3874 473 3929 Ex
489 3874 530 3928 lris
545 3872 687 3957 lludocim
704 3873 784 3956 multe
800 3870 967 3957 descpipsisse
979 3874 1033 3942 jau
1046 3875 1105 3929 olim
1119 3894 1153 3930 ex
1167 3876 1248 3931 latino
1262 3877 1341 3932 Elias

286 3947 418 4000 cretenau
441 3944 621 4000 commentario
638 3942 755 3999 mudexr
771 3947 799 3996 et
815 3943 869 3996 duo
885 3959 912 3995 ru
928 3943 998 3997 um.
1015 3943 1049 3997 de
1066 3945 1104 3999 M.
1121 3946 1152 4000 Β.
1171 3947 1193 4000 l.
1211 3946 1252 4002 to.
1270 3949 1339 4020 quod

286 4017 339 4071 alia
355 4017 398 4070 via
415 4023 569 4085 nnquutus
585 4018 626 4068 est
641 4013 798 4095 Bestiusad
817 4013 928 4083 Gregor.
946 4013 1008 4069 Cor.
1025 4033 1052 4086 p.
1070 4012 1113 4071 tt
