2909 4825
542 246 813 308 oaralcr.
1037 338 1045 347 ἣ
1133 234 1211 309 245

136 422 223 472 rum
252 403 463 475 cerimoniis
488 404 546 475 usi
571 413 678 493 sunt3
711 400 824 500 idque
848 404 1112 499 superstitiosis
1137 407 1208 481 boc

136 519 284 593 facilius
319 520 536 617 persuaderi
570 531 737 618 poterat,
783 521 883 619 quod
916 523 1053 597 linteae
1091 529 1206 600 vestis

140 660 230 712 usus
257 639 407 713 uranus
433 643 593 738 antiquis
627 640 850 717 domesticus
877 654 955 716 erat
980 648 1032 737 (v.
1059 644 1206 718 werns-

138 756 234 831 dori.
259 758 309 832 ad
334 760 435 834 Him.
460 760 538 833 XL*
551 758 654 855 57².)
681 782 798 858 eoque
823 764 946 859 aptior
970 762 1019 836 ail
1044 788 1123 838 rem
1150 764 1206 837 di-

138 880 277 953 vinam.
327 881 396 952 lile
421 901 511 954 vero
538 881 635 979 ἱερὸς
660 879 768 985 λόγος
793 883 873 953 sine
899 879 1013 954 dubio
1045 882 1096 955 ad
1128 905 1205 956 me-
1238 886 1245 955 t

139 996 416 1095 tempsycbosin
448 997 640 1097 spectabat
671 999 917 1098 monebatque
954 1004 1121 1076 initiatos
1163 1013 1207 1076 ut

59 1171 67 1184 .
138 1118 307 1189 animum
349 1139 373 1190 a
412 1121 576 1220 corporis
614 1121 862 1209 commerciis,
908 1121 1085 1217 quantum
1124 1122 1205 1194 fieri

138 1247 284 1332 posset,
323 1257 479 1325 avocare
512 1237 718 1330 studerent3
757 1260 868 1335 quam
902 1243 1085 1315 munnam
1118 1243 1205 1336 quia

138 1354 398 1428 Baccbicorum
424 1357 616 1430 initiorum
641 1370 810 1431 auctores
836 1357 989 1456 Orphici
1021 1359 1204 1454 aPytba·

138 1495 227 1568 gora
252 1487 519 1564 assumserunt,
544 1477 771 1572 Pythagoras
798 1477 844 1550 ab
869 1476 1082 1576 Aegyptiis,
1118 1502 1204 1577 pro·

137 1606 267 1692 pterea
289 1593 507 1668 Herodotus
533 1599 635 1691 orgia
659 1597 724 1670 iila
749 1597 993 1693 Pythagorica
1018 1597 1204 1694 et‘Aegyss

136 1716 218 1812 ptia
252 1735 334 1786 esse
367 1712 487 1804 dicit,v
514 1718 653 1813 quippe
685 1716 735 1789 ad
759 1716 991 1813 Pythagorae
1020 1730 1058 1792 et
1082 1715 1204 1815 Aegy-

137 1836 303 1932 ptiorum
327 1835 527 1908 sententias
553 1838 768 1933 composita
825 1904 828 1912 .

239 1951 343 2025 Haec
375 1952 525 2049 quidem
558 1952 606 2026 de
636 1955 737 2027 cultu
775 1953 1019 2052 Orphiccrum
1053 1955 1202 2029 uadun-

139 2084 216 2161 tur;
249 2078 320 2144 nec'
340 2074 463 2146 minor
485 2073 564 2146 illis
588 2088 676 2146 cura
700 2075 822 2146 victus
847 2074 998 2165 mundi,
1029 2077 1202 2171 nullaque

138 2194 382 2265 animantium
407 2191 519 2265 caede
544 2194 675 2289 parati.
727 2191 831 2264 Plato
853 2193 961 2288 Legg.
975 2194 1037 2266 VI.
1052 2194 1139 2266 782.
1153 2195 1207 2267 D..

142 2311 254 2389 θύειν
278 2305 507 2415 ἀνθρώπους
539 2314 592 2388 ἔτι
624 2312 687 2388 καὶ
717 2322 791 2390 νῦν
814 2315 1031 2414 παραμένον
1056 2315 1202 2415 ὁρῶμεν

142 2439 305 2522 πολλοῖς,
343 2434 408 2510 καὶ
438 2432 663 2513 τούναντίον
695 2429 880 2533 ἀκούομεν
918 2438 958 2512 ἐν
991 2437 1114 2519 ἄλλοις
1144 2435 1203 2511 ὅτι

137 2636 290 2706 pellibus
315 2641 393 2689 suot
416 2639 527 2701 facta3
551 2636 630 2690 inde
653 2637 688 2689 in
712 2636 850 2705 aliquot
873 2637 986 2690 sacris
1003 2637 1201 2690 etsacellis

138 2707 305 2776 scripturn
328 2707 504 2772 babemus,
532 2707 579 2760 Ne
601 2706 681 2775 qnid
705 2712 875 2759 scorteum
898 2707 1129 2770 adhibeatur,
1161 2724 1200 2758 ne

138 2776 219 2846 quid
237 2777 460 2830 morticinum.
494 2777 535 2829 De
552 2777 706 2829 Carmentae
723 2776 773 2829 boc
789 2780 871 2831 refert
886 2777 997 2831 Ovidius
1007 2777 1082 2832 Fast.
1100 2777 1122 2827 1.
1140 2775 1199 2828 629.

139 2847 273 2916 Appiaous
286 2845 344 2898 Cir.
361 2847 409 2898 IV.
428 2847 468 2898 11.
485 2846 545 2898 726.
563 2841 692 2916 ὑπόδημα
709 2844 807 2900 λευκὸν
821 2845 936 2914 ιάτικὸν,
955 2842 970 2900 ὃ
989 2849 1035 2899 καὶ
1048 2846 1200 2911 Ἀθηναίων

139 2917 249 2985 ἔχουσιν
265 2919 346 2987 ἱερεῖς
362 2919 408 2970 καὶ
420 2914 623 2987 Ἀλεξανδρέων,
642 2918 689 2970 καὶ
705 2918 819 2972 καλοῦσι
833 2914 989 2988 φαικάσιον
1004 2922 1031 2968 et
1043 2932 1152 3036 papyro,
1170 2922 1200 2967 nt

139 2986 251 3051 videtur,
268 2985 362 3051 testib,
380 3003 431 3054 qno
450 2987 597 3039 sacerdotes
613 2985 758 3054 Aegyptios
774 3004 833 3039 usos
845 3004 902 3039 esse
916 2988 1018 3039 sumus.
1031 3004 1057 3039 v.
1095 2985 1198 3037 cbrnidt.

140 3056 172 3108 de
190 3056 289 3109 sacerd.
306 3057 372 3125 Aeg.
389 3074 415 3125 p.
431 3053 474 3108 44.
491 3051 652 3126 ὑποδήματα
669 3058 708 3108 At
727 3051 808 3109 ύπῐια
823 3066 902 3109 vocat
918 3056 1045 3108 Aristides
1062 3055 1110 3107 Or.
1124 3055 1198 3106 Saor.

138 3125 162 3179 1.
178 3126 239 3178 287.
279 3126 310 3178 In
334 3126 515 3180 Eratosthenis
532 3142 609 3177 versu
626 3074 794 3194 (uminey
812 3142 838 3195 p.
857 3126 930 3193 160.)
948 3142 1022 3194 quem
1040 3125 1119 3177 affert
1135 3124 1199 3176 Bal·

139 3195 231 3248 dninns
254 3196 287 3247 de
310 3195 383 3251 Calc.
408 3203 461 3248 ant
486 3214 508 3249 c.
533 3194 574 3247 14.
601 3210 626 3263 p.
645 3194 703 3246 181.
726 3197 818 3265 napo
840 3192 1053 3268 ποιιράατεσιιεν
1076 3195 1199 3266 ἐλαφροῦ

139 3272 312 3335 φαικασίοιο,
339 3265 498 3320 modurn
519 3265 623 3318 videtur
642 3266 868 3337 ποιιῤῥίιιιαοιιε,
892 3266 924 3318 de
942 3265 1030 3334 aquila
1045 3264 1103 3329 ilia,
1131 3280 1198 3332 qnae

139 3334 238 3389 lavanti
261 3334 408 3405 Rbodopidi
432 3336 545 3388 calceum
568 3333 692 3419 surripuit
715 3336 762 3386 xci
785 3329 911 3404 ἐκόμισεν
928 3339 966 3395 εἰς
980 3338 1101 3405 Μέμφιν
1118 3330 1198 3388 δικά-

140 3408 231 3468 ζοντος
250 3411 294 3457 Ψα
314 3410 422 3476 μιιίχου
440 3408 486 3459 καὶ
503 3408 541 3466 εἰς
553 3402 601 3458 τὸν
614 3405 717 3456 acinos
731 3402 839 3469 ἐνέβαλε
853 3403 884 3458 τὸ
898 3401 1026 3476 ὑπόδημα
1043 3404 1144 3460 belian.
1163 3406 1196 3456 V.

139 3475 174 3528 Η.
191 3474 266 3528 XIII.
300 3474 325 3528 8.
343 3474 400 3527 rive
416 3482 445 3528 nt
461 3476 557 3528 Strabo
574 3472 613 3526 ait
628 3472 713 3525 xvll.
730 3473 790 3525 808.
807 3474 912 3596 ἔρριψε.
938 3474 1128 3542 Pythagoricus
1144 3474 1197 3536 ille,

140 3545 185 3614 qui
201 3563 218 3597 a
235 3546 483 3602 sutorePbaecasie
499 3546 560 3600 emit
577 3544 667 3596 Sanco
684 3542 776 3596 Benei.
792 3543 816 3594 V
844 3581 850 3594 .
868 3545 911 3597 21.
928 3545 984 3597 sine
1000 3544 1079 3598 dnbio
1092 3550 1197 3612 propter

140 3615 316 3684 praeceptoris
340 3615 503 3668 interdictum
527 3614 635 3667 smmis
652 3613 691 3668 oti
707 3612 802 3677 noluit,
820 3631 852 3666 ac
868 3614 979 3667 tortam
996 3615 1074 3667 etiarn
1089 3613 1196 3680 βασιλί-

140 3683 200 3752 δος,
227 3701 290 3754 quas
313 3685 422 3738 Athenis
446 3702 494 3738 rex
518 3701 648 3739 sacrorum
671 3684 792 3751 gestabat
816 3682 883 3736 Polb
900 3684 958 3737 VII.
975 3683 1018 3737 25.
1035 3698 1197 3754 papyraceus

141 3762 186 3807 aut
201 3753 296 3807 linteae
313 3762 401 3820 erant3
417 3757 514 3809 Romae
531 3755 633 3823 quidem
650 3752 809 3805 Flaminicae
825 3753 965 3807 morticinis
981 3753 1075 3807 calceis
1091 3751 1130 3804 uti
1146 3768 1196 3803 non

60 3818 62 3822 ’
141 3826 236 3877 licebat
252 3824 327 3877 Serv.
346 3826 408 3880 ben.
424 3825 472 3880 1v.
490 3823 548 3877 616.
565 3842 613 3876 nec
629 3823 764 3878 fortuitum
780 3821 884 3876 videtur
900 3824 968 3893 qnod
980 3823 1110 3875 laucisom
1121 3821 1195 3873 Alex.

30 3913 38 3930 ι
140 3898 164 3959 s.
181 3893 225 3946 89.
243 3896 301 3946 100.
319 3893 354 3948 Τ.
371 3897 403 3948 V.
421 3894 587 3964 Eumolpidas
604 3900 632 3946 et
648 3894 762 3960 Ceryces
777 3890 816 3950 Pa
835 3894 985 3961 blagonicos
1000 3891 1140 3944 carbatinis
1154 3892 1196 3943 in·

140 3964 212 4028 dnit3
238 3971 309 4017 certe
331 3965 358 4016 io
381 3965 482 4034 magico
504 3981 579 4017 sacro
596 3963 719 4017 Ammian
737 3912 834 4016 XXIX
852 3963 876 4018 1.
892 3962 935 4015 80.
953 3961 1050 4014 oraculi
1067 3960 1197 4014 consultor

140 4034 226 4088 linteis
242 4034 395 4090 indumentis
412 4024 519 4091 micea
535 4041 594 4099 est,
610 4033 795 4102 maiusque
812 4033 901 4087 itidem
917 4031 1003 4086 liuida
1019 4030 1108 4084 soccis.
