2909 4825
529 191 887 276 nceue1u1s.'
1169 203 1243 279 197

161 373 212 447 ab
237 374 345 446 initio
373 378 582 471 congregati
613 386 695 451 tum
727 380 769 450 in
794 387 988 475 posterum
1013 378 1148 452 retenti
1183 380 1240 452 vi-
1324 426 1329 436 ι

134 492 307 571 dentur.
372 482 496 584 Quam
534 480 831 570 criminationem
870 496 942 571 sibi
980 495 1239 571 incredibilem

147 615 285 691 uideri
310 616 490 714 permulti
520 618 705 691 testificati
739 629 845 710 sunt,
878 641 948 692 'crrr
980 630 1105 691 autem
1138 615 1238 691 credi

158 757 239 810 non
263 739 395 836 possit,
422 736 618 811 ostendere
644 738 941 835 supersederunt
993 738 1036 812 Si
1056 760 1150 815 vero
1176 761 1238 812 eo-

158 880 244 931 rum
271 856 363 930 tides
389 860 558 931 maxime
582 870 756 957 suspecta
781 871 859 951 est,
899 860 965 958 qui
990 861 1072 934 veri
1105 881 1238 956 eogno-
1346 919 1354 927 ,

159 976 289 1050 scendi
313 979 509 1051 minimam
536 978 752 1054 facultatem
778 982 1005 1068 habuerunt,
1038 983 1163 1053 neseio
1190 1002 1239 1053 an

138 1098 313 1171 ”illorum
339 1100 562 1196 scriptorum
587 1102 711 1174 nullus
745 1099 794 1175 ad
819 1098 1120 1199 persuadendum
1145 1101 1238 1173 satis

160 1221 392 1292 auctoritatis
442 1217 588 1293 habeat.
655 1217 886 1294 Clementem
925 1219 1237 1310 Alexandrinum,

159 1339 369 1415 Arnomum
403 1351 443 1412 et
474 1338 616 1416 lulium
647 1338 853 1416 Firmicum
894 1344 1030 1416 snmus
1063 1363 1088 1415 a
1121 1341 1237 1436 genti-

158 1460 254 1534 lium
278 1464 392 1534 sacris
419 1459 468 1535 ud
488 1475 620 1549 nostra
652 1465 847 1537 transiisse
876 1484 995 1560 neque
1021 1460 1237 1535 dubitamus

160 1584 251 1679 quin
285 1581 527 1677 flagitiorum,
566 1583 700 1682 quibus
737 1585 874 1673 isiaca,
913 1581 1159 1657 Bacchanalia
1199 1592 1238 1653 et

158 1701 356 1776 Mithriaca
387 1703 509 1802 pollui
533 1704 804 1796 vociferantur,
847 1714 912 1778 aut
943 1705 1019 1803 ipsi
1051 1713 1164 1775 testes
1198 1711 1238 1775 et

159 1834 386 1921 spectatores
401 1824 612 1926 fuerintffl,
644 1839 710 1900 aut
727 1848 753 1899 a
773 1824 1043 1923 spectatoribus
1060 1823 1236 1896 notitiam

160 1945 375 2042 acceperint
425 1945 628 2019 Eleusiniis
652 1967 764 2019 nemo
797 1945 949 2019 illorum
974 1967 1016 2019 ee
1046 1947 1236 2019 initiatum
1289 1944 1291 1949 ’

160 2087 241 2138 esse
260 2067 473 2164 profitetur,
507 2058 552 2141 ae
572 2088 619 2139 ne
642 2067 682 2139 in
703 2065 830 2139 Attiou
854 2064 1004 2163 quidem
1030 2085 1236 2138 commora-

160 2200 256 2277 tum3
272 2197 424 2285 totaque
438 2209 570 2262 eorum
584 2186 792 2287 disputatio
807 2184 982 2275 ostendit,
998 2186 1154 2259 crimina
1170 2182 1238 2258 ilia

161 2310 296 2407 partim
323 2330 376 2381 ex
397 2309 556 2383 historia
572 2304 734 2383 fabulari
757 2308 911 2383 collecta
931 2308 1068 2408 partim
1087 2328 1109 2378 e
1135 2325 1237 2379 com·

160 2433 265 2504 muni
287 2452 477 2504 sacrorum
496 2432 741 2525 mysticorum
765 2431 922 2505 infernin
948 2427 1119 2504 derivate
1143 2446 1236 2498 esse.

159 2550 257 2626 Nam
270 2553 358 2649 qnia
377 2553 418 2625 in
432 2553 649 2628 universum
664 2551 858 2654 constabat
871 2550 1159 2644 uniuscujusque
1173 2542 1238 2617 dei

160 2673 371 2745 cerimoniis
391 2673 593 2766 imaginem
615 2695 759 2765 eorum,
786 2695 882 2771 quae
903 2668 1157 2770 ipse'fecisset
1178 2675 1236 2738 tu·

158 2791 324 2882 lissetve,
350 2794 540 2883 contineri,
565 2814 642 2866 non
663 2793 895 2882 dubitabant,
921 2793 1012 2890 quin
1028 2790 1058 2861 ii
1076 2786 1236 2884 unpiter

160 2907 399 3001 colerentur,
415 2912 479 3009 qui
504 2912 623 2987 multa
649 2917 808 3012 turpiter
832 2913 964 2986 fecisse
990 2908 1234 2984 crederentur.

158 3035 288 3131 ltaque
321 3033 436 3105 etiam
471 3037 716 3128 argumentati
747 3029 852 3124 sunt,
889 3027 1069 3132 quidquid
1102 3035 1236 3125 poetae

162 3153 209 3227 de
235 3150 399 3247 Cybelae
430 3151 492 3228 vel
528 3149 672 3226 Cereris
700 3153 933 3250 Liberaeque
960 3149 1103 3248 ‘surpris
1135 3158 1234 3219 retu-

159 3275 301 3364 lissent,
327 3271 458 3347 eadem
485 3275 613 3347 omnia
636 3275 677 3345 in
702 3275 817 3347 saeris
843 3294 969 3345 earum
997 3270 1152 3348 dearum
1178 3265 1234 3340 di-

161 3398 230 3469 ctis
255 3395 435 3491 factisque
468 3395 755 3467 sacrificantium
789 3391 989 3489 impudicis
1023 3389 1233 3463 instaurari.

160 3514 244 3590 Huc
281 3526 360 3588 tota
392 3512 490 3586 redit
521 3513 800 3610 Athenagorae,
843 3509 980 3586 lustini
1013 3522 1052 3583 et
1084 3507 1234 3582 'lariani

232 3679 271 3749 [⁸]
291 3679 400 3732 Tetian.
425 3678 485 3731 adr.
511 3679 608 3733 Graec.
631 3697 657 3749 p.
676 3676 737 3731 165.
755 3680 787 3731 Α.
811 3679 894 3731 ταῦτα
912 3666 962 3731 οὖν
978 3670 1062 3742 idcir,
1081 3675 1120 3728 ἔτι
1138 3670 1169 3726 δὲ
1187 3671 1232 3723 καὶ

161 3755 216 3804 τῶν
237 3754 395 3822 μυστηρίων
418 3748 580 3821 μεταλαβὼν
602 3752 650 3804 sul
674 3747 722 3811 τὰς
739 3745 815 3820 παρὰ
832 3751 901 3802 πᾶσι
917 3752 1064 3833 θρησκείας
1082 3736 1234 3812 δοκιμάσας

162 3819 207 3873 διὰ
228 3821 385 3892 θηλυδριῶν
409 3822 456 3873 ναὶ
479 3816 657 3893 ἀνδρογύνων
682 3822 894 3891 συνισταμένας,
919 3814 1008 3888 rophe
1031 3813 1062 3868 ct
1086 3809 1163 3883 παρὰ
1179 3811 1233 3882 μὲν

159 3888 299 3963 Ῥωμαίοις
315 3888 364 3945 τὸν
380 3884 533 3959 Asclepeus
544 3894 599 3943 Δία
617 3887 729 3962 limpore
740 3885 899 3977 ἀνθρώπων
913 3881 1092 3956 τερπόμενον,
1104 3877 1233 3952 Ἄρτεμιν

164 3961 193 4016 rt
211 3960 244 4016 οὐ
260 3959 373 4033 μακρὰν
388 3964 435 4027 τῆς
452 3957 556 4021 πόλεως
571 3963 628 4016 τῶν
645 3961 736 4016 αὐτῶν
752 3962 879 4034 aperitur
894 3955 926 4012 rb
943 3950 1016 4016 aldor
1027 3947 1149 4024 (αἶσχος)
1161 3952 1232 4007 lna-

148 4023 325 4107 ww
