2909 4825
520 270 866 328 uuuusrurr.
1157 261 1229 336 179

161 428 250 502 culli
274 439 313 501 et
337 429 539 527 scapularis
563 431 816 530 mysteriisi']
851 432 1037 525 ingenium
1064 442 1226 531 tempus·
1352 513 1356 520 Α

161 571 231 646 que
264 560 437 622 conterat
501 548 628 650 Neque
661 563 786 625 tamen
817 550 909 623 haee
940 566 1067 624 nostra
1099 551 1226 650 dispu-

160 670 254 742 tatio
288 691 333 741 eo
361 672 522 766 pertinet
555 673 667 744 utin
700 670 854 744 deorum
889 671 1098 744 cerimoniis
1133 674 1225 745 nihil

158 790 402 885 significatum
428 811 509 863 esse
533 790 770 880 contendam,
807 813 876 862 nec
901 812 986 863 sum
1012 791 1160 885 ignarus
1184 796 1224 866 in

158 931 287 1005 regum
325 910 624 1004 inauguratione,
669 913 709 983 in
743 911 928 984 creatione
960 912 1145 1007 equitum,
1184 915 1225 986 in

156 1029 429 1103 renuntiatione
455 1029 664 1119 doctorum,
689 1032 781 1103 item
806 1031 846 1103 in
872 1028 1079 1126 baptismo,
1104 1032 1144 1104 in
1166 1055 1225 1105 or-

157 1148 350 1223 dinatione
370 1162 408 1230 et
428 1151 468 1223 in
485 1149 776 1240 cathedratione,
801 1147 960 1249 denique
972 1153 1012 1222 in
1026 1149 1225 1225 traditione

156 1268 357 1344 fundorum
379 1269 578 1345 etaedium
598 1272 693 1344 etin
711 1272 933 1345 investitura
945 1267 1102 1361 feudali,
1127 1275 1225 1345 mul·
1356 1317 1359 1324 s

158 1403 218 1464 tas
242 1379 319 1478 res,
358 1413 452 1488 quae
485 1391 600 1465 oeulis
636 1389 766 1486 subjici
791 1411 868 1463 nou
900 1404 1074 1487 possunt,
1111 1393 1224 1488 signis

158 1508 378 1607 quibusdam
405 1508 558 1583 ostendi
609 1510 685 1585 Sed
704 1511 776 1585 hoc
801 1509 1000 1584 concedere
1030 1531 1104 1584 nou
1137 1534 1222 1612 pos·

158 1651 304 1719 sumus,
328 1643 372 1703 ut
395 1630 667 1730 quibuscunque
691 1630 823 1705 ritibus
841 1631 1012 1704 sensiculi
1035 1632 1224 1706 insinuen-

158 1763 221 1824 tur
252 1760 356 1824 extra
373 1774 465 1843 xrem
496 1753 605 1850 petiti
636 1765 674 1825 et
705 1753 964 1825 commenticii.
1014 1748 1099 1824 Hoc
1123 1754 1222 1826 enim
1295 1771 1298 1778 ·

157 1871 396 1969 requirimus,
421 1883 463 1945 ut
485 1873 580 1946 ritus
604 1873 685 1969 ipse
710 1893 786 1945 non
811 1873 1035 1944 extrinsecus
1054 1869 1103 1944 ad
1117 1895 1224 1971 pom·

158 2014 247 2090 pam
274 2002 312 2063 et
336 1990 617 2066 oblectationem
644 1994 833 2065 oculorum
866 2004 1069 2081 assumtus,
1106 2015 1224 2090 neque

159 2114 272 2186 etiam
299 2132 350 2184 ex
374 2112 523 2208 reipsa
540 2123 647 2185 natus
673 2109 741 2185 sed
764 2110 1039 2205 significationis
1066 2133 1151 2206 ergo
1166 2135 1223 2185 ar·

159 2234 311 2306 cerritus
324 2241 520 2329 appareat,
544 2242 589 2304 ut
613 2255 658 2306 ea
683 2232 779 2305 clare
804 2251 1000 2329 expressa,
1026 2252 1108 2304 eum
1129 2243 1223 2305 tem-

158 2377 250 2453 porc
276 2363 315 2426 et
337 2373 447 2426 causa
470 2353 630 2427 instituti
655 2353 850 2449 conjuncta
874 2373 942 2423 nec
960 2350 1081 2424 aliena
1106 2353 1156 2426 sit
1176 2349 1223 2427 ab

158 2497 287 2551 corruo
312 2473 478 2568 ingenio,
520 2495 543 2546 a
569 2471 702 2571 quibus
726 2494 809 2548 mos
841 2483 1033 2570 susceptus
1067 2482 1125 2546 eat
1148 2477 1224 2572 pri-

155 2598 240 2673 mis.
290 2593 398 2667 Haec
430 2595 463 2667 si
494 2594 598 2689 signa
630 2596 755 2667 omnia
787 2607 992 2689 congruunt
1028 2592 1152 2695 (quod
1183 2597 1223 2669 in

84 2709 87 2713 ’
156 2717 263 2792 nulio
288 2715 519 2812 superiorum
545 2715 798 2811 exemplorum
824 2714 990 2810 contigit)
1015 2736 1092 2786 non
1117 2711 1223 2788 dubi-

157 2837 318 2911 tabimus
343 2833 586 2929 symbolicum
614 2832 754 2923 dicere,
793 2832 971 2931 quidquid
1002 2834 1077 2906 isto
1110 2833 1222 2908 modo

155 2964 412 3054 comparatum
438 2965 504 3027 est
556 2954 598 3028 si
624 2953 815 3053 pleraque,
840 2955 922 3028 veri
939 2953 1221 3051 sirniiequidem

157 3076 348 3153 aaaron
371 3072 483 3164 runa,
502 3054 781 3171 'sedquoniam
806 3074 888 3147 von
918 3072 1057 3147 armna
1080 3094 1224 3170 quoqne
1316 3154 1319 3167 ἵ

156 3194 367 3292 frequenter
399 3193 494 3267 feisa
525 3205 628 3282 sunt,
666 3214 741 3266 non
774 3214 996 3290 magnopere
1028 3188 1224 3264 affinnobi·

158 3336 261 3404 mus,
284 3312 423 3386 nedum
448 3336 520 3412 pro
544 3324 758 3408 argumento
783 3322 949 3401 utemur,
980 3312 1036 3384 rei
1059 3334 1225 3410 praeser-

157 3436 229 3509 tim
255 3446 514 3508 controversae
534 3443 847 3530 concertatueque.
898 3430 939 3504 si
954 3431 1066 3528 piane
1081 3430 1225 3521 desum,

156 3553 394 3628 irridebimus
426 3565 648 3650 argutantes.
700 3550 815 3648 Cujus
847 3550 1069 3651 discriminis
1100 3551 1225 3623 obser

159 3662 263 3750 vatio
285 3676 491 3773 praeceptis
518 3672 615 3748 tradi
639 3675 778 3771 nequit,
803 3670 870 3746 sed
888 3673 1049 3745 naturali
1063 3668 1223 3770 quodam

79 3885 88 3903 ι
155 3796 328 3869 acumine
359 3794 534 3885 sentitur,
570 3815 648 3867 non
680 3815 785 3867 secur
811 3815 919 3891 quam
953 3794 1048 3865 inter
1073 3788 1221 3863 Critieo·

159 3937 241 3988 rum
266 3916 493 4010 conjecturas
518 3936 644 4004 veras,
670 3916 752 3989 veri
776 3914 917 3988 similes
943 3924 980 3984 et
1004 3930 1119 3984 vanos
1137 3909 1224 4007 quid

232 4066 273 4134 [V]
300 4083 325 4119 r.
351 4064 476 4120 Dorothei
501 4064 591 4119 Doctr.
615 4066 650 4120 Τ.
675 4066 696 4118 Ι.
721 4084 747 4138 p.
769 4065 829 4120 755.
847 4081 885 4134 sq.
903 4061 1015 4223 iulBibit
1031 4060 1108 4131 Bign.
1126 4060 1161 4114 T.
1177 4059 1226 4118 xi.

955 4153 980 4224 2
1007 4155 1027 4204 ἡ(
