2909 4825
268 241 344 316 206
626 256 771 317 LIBER
797 258 982 312 PRIMUS.

218 394 221 403 ’
268 415 356 491 647.
387 363 445 487 13.
471 426 509 486 et
535 417 573 486 in
600 419 818 491 universum
833 368 892 491 -de
918 417 1090 492 omnihus
1117 421 1182 517 qui
1209 420 1349 517 aliquid

150 552 153 561 '
269 540 309 610 in
341 535 514 609 notitiam
549 537 742 610 hominum
777 539 991 636 proferunt,
1027 541 1067 611 in
1099 561 1208 612 usum
1241 540 1349 613 indu-

270 669 374 731 cunt:
399 656 420 732 ὃ
447 657 667 744 καταδείξας
685 660 756 757 τὴν
779 665 922 757 ἐσθῆτα
944 659 1064 733 strab.
1085 657 1151 732 XI.
1173 658 1260 734 565.
1280 670 1349 747 τὰς

269 779 473 862 elmodac
498 778 612 851 Diod.
636 779 701 853 ΠΙ·
728 780 790 853 62·
824 782 894 877 τὴν
919 782 1156 859 πολυτέλειαν
1182 783 1210 854 Ι.
1237 779 1299 855 15.
1327 786 1347 859 ὁ

269 909 428 983 πλοῦτος
453 895 578 997 μάχας
603 900 785 987 κατέδειξε
811 899 943 974 Liban.
970 899 1013 975 T.
1039 900 1102 973 IV.
1129 900 1216 975 979.
1274 903 1348 976 His

269 1019 442 1095 omnihus
474 1020 514 1090 in
547 1019 639 1093 loeis
673 1018 896 1111 Cremerae,
928 1023 962 1095 si
987 1032 1155 1095 constare
1180 1021 1253 1095 sibi
1279 1045 1348 1096 vo-

266 1141 398 1229 luerit,
431 1137 551 1213 verba
582 1140 700 1228 (λεῖξαι
733 1155 771 1215 et
803 1143 1019 1229 καταδεῖξαι
1043 1142 1348 1241 interpretabitur

268 1262 438 1336 docere
463 1256 722 1354 symbolice
750 1262 878 1357 Symh.
906 1262 948 1335 T.
975 1264 1002 1335 1.
1032 1262 1090 1334 ll.

252 1470 256 1477 ι
370 1378 559 1454 Homerus
600 1403 720 1479 neque
760 1366 947 1457 Eleminis
983 1382 1086 1456 urhis
1118 1384 1346 1456 mentionem

265 1503 355 1578 feeit
379 1521 500 1597 neque
526 1500 681 1574 heroum
708 1503 986 1578 Eleusiniorum
1009 1501 1129 1592 Celei,
1154 1496 1357 1597 Dysoulis'

268 1624 509 1717 omniumque
549 1621 782 1697 celeberrimi
822 1623 1062 1723 Triptolemi,
1103 1642 1261 1722 quorum
1300 1623 1348 1698 de

267 1766 401 1841 genem
438 1753 543 1815 tanta
582 1754 640 1816 est
672 1745 770 1817 inter
802 1755 971 1819 auctores
1004 1745 1187 1819 dissensio
1202 1749 1276 1841 [‘]‚·
1305 1756 1348 1818 ut

267 1875 409 1966 pateat,
433 1862 539 1951 nihil,
565 1861 666 1960 quod
680 1864 795 1963 opud
821 1888 950 1943 omnes
975 1889 1046 1965 pro
1072 1878 1173 1939 certo
1203 1866 1348 1940 obtine·

266 1998 324 2059 ret
331 2037 342 2076 ,
385 1984 589 2080 antiquitus
630 1983 809 2060 tradimm
850 2009 968 2085 ecque
1009 1988 1126 2063 cuivis
1161 2009 1348 2062 summam

266 2103 450 2202 tingendi,
484 2102 586 2201 quod
618 2104 810 2199 libuisset,
843 2112 990 2207 copiam
1015 2109 1160 2183 *factam
1194 2130 1276 2181 esse
1289 2113 1304 2204 [
1319 2114 1346 2205 ].

265 2228 354 2301 Duo
394 2234 522 2299 sutem
561 2225 803 2303 celeberrima
838 2229 1115 2303 Eleusirriarom
1150 2230 1347 2328 antiquita·

266 2360 355 2424 tum
382 2361 643 2442 monumento,
678 2349 820 2428 bellum
850 2350 1084 2424 Eleusinion
1110 2361 1149 2423 ct
1173 2349 1253 2424 ludi
1278 2372 1347 2449 pu-

265 2469 357 2542 blici
376 2470 522 2548 anullo
543 2485 711 2547 veterum
732 2483 933 2569 poetarum
947 2470 1192 2562 celebrantur3
1212 2472 1368 2544 horum·

267 2590 410 2687 primus
425 2589 610 2666 Pindarus
621 2594 794 2666 meminit
801 2593 857 2691 [⁰J.
883 2591 943 2666 De
962 2592 1029 2667 illo
1047 2591 1283 2686 Thucydides
1298 2594 1346 2666 ll.

340 2776 381 2847 [²]
407 2778 596 2850 Triptolemum
620 2779 792 2833 Athenienses
817 2777 1002 2832 Celei‘liliuru
1043 2781 1177 2846 erhibeut‚
1221 2780 1347 2833 Musaeus

268 2855 297 2904 et
313 2848 479 2918 Pherecydes
497 2847 598 2905 Oceani
615 2856 643 2902 et
660 2851 772 2914 Terrae,
791 2851 912 2920 Orphem
930 2851 955 2903 D
1032 2853 1063 2916 ἰ,
1081 2851 1220 2904 choerilus
1236 2859 1265 2904 et
1277 2850 1347 2904 Phe-

266 2918 377 2988 reeydes
399 2920 480 2986 Rari,
505 2921 635 2991 Panyasis
655 2921 804 2986 Eleusinis,
832 2923 946 2974 Pausan.
964 2917 986 2974 Ι.
1006 2920 1047 2973 14.
1074 2922 1195 2993 Apollod.
1214 2921 1239 2975 5.
1257 2922 1282 2975 2.
1302 2923 1346 2975 ubi

267 2991 389 3059 Heynios
409 2991 570 3062 Pherecydis
594 2991 768 3045 testimonium
791 2993 933 3062 interpolet
956 3007 1006 3062 pro
1024 2993 1131 3045 Oceano
1148 2993 1266 3045 Uranum
1281 2994 1347 3045 sub·
1390 3057 1393 3070 Ι

268 3063 387 3184 ιιίιιίξαι.
423 3062 513 3186 Μιὲεοι
535 3062 665 3116 Eleusinis
683 3063 771 3116 herois
788 3063 872 3122 Deire
888 3065 990 3118 Oeesai
1004 3063 1063 3118 filis
1079 3064 1185 3118 dicitur.
1204 3082 1229 3117 v.
1247 3064 1347 3118 Sicbel.

268 3133 302 3185 ad
343 3149 398 3186 aus.
418 3134 440 3186 I.
476 3135 501 3186 8.
519 3133 544 3185 7.

339 3214 379 3303 [¹³]
397 3217 477 3270 Paos.
495 3217 513 3270 l.
530 3235 553 3270 e.
568 3209 728 3272 Ἐλευσίνιοι
745 3215 871 3292 ἀρχαῖοι,
898 3215 944 3272 ὅτε
956 3205 959 3214 ’
969 3214 1002 3272 οὐ
1026 3211 1184 3286 προςὸνῑων
1198 3219 1282 3302 ‘luftu
1298 3234 1346 3288 ἴθ’

156 3329 158 3332 -
268 3289 423 3374 νεαλογων,
446 3282 523 3359 ,ἄλλα
546 3304 576 3341 τε
606 3285 767 3343 πλάσασθαι
797 3284 934 3343 δεδώκασι
959 3288 1006 3340 καὶ
1027 3285 1147 3359 μάλιστα
1171 3288 1199 3348 λς
1223 3307 1257 3341 τα
1279 3293 1346 3359 γένη

267 3360 324 3411 σοῖν
339 3353 446 3429 πρώιον.
789 3397 810 3436 ,ι

337 3442 378 3512 [⁰]
398 3438 442 3493 01.
459 3440 507 3496 IX.
527 3439 586 3494 180.
602 3441 678 3495 Xlll.
697 3440 756 3498 167.
781 3439 827 3494 ubi
844 3441 1009 3496 scholiastes
1030 3440 1078 3493 hos
1100 3440 1214 3494 omniun
1228 3440 1345 3494 ludorum

223 3565 228 3580 ,
269 3511 400 3580 Graeciae
425 3505 618 3582 antiquissimos
643 3507 733 3567 heberi
757 3511 837 3576 dicit,
865 3511 984 3583 idemque
1001 3511 1156 3564 Aristoteles
1170 3509 1301 3594 judicavit
1317 3512 1345 3565 iu

267 3582 351 3652 Peplo
380 3580 489 3651 primum
513 3581 673 3638 Eleusinion
702 3592 835 3638 certamen
858 3583 1004 3637 institutum
1030 3600 1088 3636 esse
1109 3583 1231 3650 tngrhus
1253 3598 1346 3635 recens

267 3652 396 3724 repertis,
418 3654 537 3721 proxime
554 3653 741 3709 Panathenaea
757 3654 845 3707 Sehol
864 3654 971 3707 hristid.
1008 3690 1015 3705 .
1034 3651 1093 3705 106,
1113 3654 1208 3724 quibus
1226 3653 1346 3723 plerique

268 3725 391 3777 sumnam
409 3722 589 3792 antiquitatem
606 3733 741 3790 asserunt,
760 3725 856 3795 quippe
874 3723 908 3778 ab
925 3721 974 3776 Eri
1007 3723 1097 3777 thonio
1110 3723 1250 3786 institutis,
1267 3739 1344 3791 quern

269 3795 359 3864 quinte
378 3793 435 3846 loco
499 3802 577 3850 uutus
595 3805 636 3850 est
653 3797 772 3850 Pandion
789 3813 815 3848 v.
833 3796 953 3852 Peritos.
971 3796 1005 3848 sd
1023 3795 1123 3848 helian.
1142 3795 1175 3850 V.
1193 3792 1288 3848 fl.111.
1299 3794 1344 3846 38.

267 3861 375 3930 Versus,
393 3882 468 3934 quem
550 3868 663 3938 rnidorus
681 3867 780 3936 allegat
796 3866 818 3918 Ι.
836 3867 860 3918 8.
878 3863 985 3939 ταύροις
1003 3867 1033 3921 ἔν
1047 3866 1135 3935 Ἰωνίᾳ
1152 3865 1250 3923 παῖδες
1259 3862 1344 3934 Ἐφε-

268 3941 337 3991 σίων
355 3934 531 4006 ἀγωνίζονται
548 3941 595 3991 καὶ
611 3939 644 3992 ἐν
658 3936 761 4012 Ἀττικῇ
778 3936 854 4010 παρὰ
876 3943 934 4000 ταῖς
950 3943 1030 4000 θεαῖς
1046 3938 1077 3992 ἐν
1090 3936 1220 3992 Ἐλευσῖνι
1239 3938 1345 4008 Knopos

265 4006 406 4074 Ἀθηναῖοι
423 4009 656 4080 περιτελλομένων
673 4010 818 4076 ἐνιαυτῶν.
837 4016 928 4062 auctor
946 4010 1025 4074 latet,
1044 4026 1076 4061 ne
1113 4006 1223 4060 electio
1240 4007 1345 4074 integra

268 4085 319 4143 est,
337 4085 409 4131 certe
425 4082 520 4150 κοῦροι
533 4077 686 4147 Ἀθηναίων
702 4081 866 4133 scribendum
883 4095 913 4132 m
929 4080 955 4131 in
972 4081 1049 4134 llom.
1095 4119 1101 4132 .
1120 4079 1147 4131 in
1165 4077 1226 4130 Cer.
1244 4095 1270 4129 v.
1282 4075 1342 4129 267.
