2909 4825
214 222 291 297 348
536 235 682 291 tinen
706 237 967 292 seconnus.

215 399 379 471 oiescere
412 394 598 491 coepisse,
633 414 747 489 quum
781 390 942 467 duorum
975 392 1295 468 nobilissimorum

213 529 412 620 poetarum
443 513 563 588 veluti
595 511 747 611 publico
781 515 997 589 testimonio
1030 523 1155 587 essent
1187 531 1296 586 orna·

129 630 136 651 ⁸
214 651 285 712 tae.
337 633 420 708 Hos
445 636 577 730 igitur,
602 635 670 730 qui
694 633 883 731 quandam
909 635 966 707 rei
991 632 1171 714 fabularis
1186 634 1295 731 quasi

97 839 102 844 ,
215 755 451 853 disciplinam
485 751 750 843 condiderunt,
789 754 839 829 ad
871 775 964 852 quos
999 754 1191 844 omnibus,
1230 756 1296 852 qui
1401 760 1406 766 “

214 878 263 952 de
294 875 451 949 deorum
490 876 669 971 progenie¹
709 886 747 947 et
780 877 884 950 vitoe
916 875 1063 948 actione
1098 887 1294 973 quaerunt,

214 1015 389 1096 tanquam
416 992 467 1067 ad
492 996 635 1090 primos
661 994 785 1067 fontes
808 993 1073 1076 recurrendum
1107 1007 1182 1087 est,
1216 993 1295 1068 He·

95 1185 99 1208 ,
214 1117 372 1194 rodotus
406 1115 541 1187 merito
568 1113 805 1210 Theogoniae
839 1115 1087 1189 Graecanicae
1125 1109 1294 1189 auctores

215 1238 434 1338 appellavit
485 1234 619 1308 Fuisse
650 1248 737 1309 ante
769 1235 979 1310 Homerum
1010 1249 1143 1334 poetas
1174 1259 1295 1334 noque
1387 1215 1396 1230 ’

214 1361 286 1434 hoc
312 1359 395 1432 loco
421 1366 533 1450 negat
564 1367 603 1429 et
635 1356 764 1453 paullo
798 1368 884 1431 ante
908 1358 956 1432 Π.
982 1356 1043 1430 23.
1076 1358 1295 1455 planissime

215 1478 393 1568 affirmat,
418 1499 534 1575 quum
550 1474 853 1550 Oceaninomen
879 1476 927 1551 ab
941 1477 1110 1556 Homero
1137 1490 1202 1552 aut
1227 1478 1295 1579 ali·

215 1621 291 1698 quo
317 1600 526 1696 antiquiore
551 1603 666 1695 po'eta
690 1597 944 1672 introductum
977 1620 1059 1672 esse
1092 1596 1295 1672 contendit
1353 1603 1357 1612 '

216 1719 293 1795 Sed
318 1731 446 1792 extare
471 1705 673 1822 quidquam
699 1719 741 1791 iu
765 1718 884 1792 literis
911 1709 1117 1816 antiquius,
1143 1717 1185 1793 id
1203 1739 1294 1794 vero

216 1833 337 1915 etiarn
362 1851 474 1936 atque
508 1837 783 1931 edomuerat,
823 1861 941 1937 eoque
973 1861 1050 1912 uno
1083 1838 1201 1915 verbo
1226 1839 1294 1913 Or-

216 1961 323 2060 phei,
348 1958 495 2040 Musaei
521 1969 559 2031 et
583 1956 811 2057 reliquorum
826 1971 977 2050 vatum,
1001 1971 1198 2057 quactum
1225 1962 1295 2034 cir·

134 2171 137 2178 Ι
217 2078 515 2186 oumferebantur
546 2075 742 2170 'carmiua‚
792 2084 1032 2179 praescriptis
1080 2080 1295 2157 auctoribus

219 2203 332 2301 eripit
356 2212 468 2297 etque
493 2198 631 2290 aufert3
656 2199 757 2299 quod
783 2202 865 2297 eJ‘us
887 2201 1070 2299 Judicium
1092 2225 1138 2274 eo
1153 2202 1295 2297 majore

218 2324 355 2424 plausu
389 2329 428 2393 et
458 2317 734 2418 praedicatione
769 2322 1074 2422 prosequendum.
1107 2334 1182 2413 est,
1220 2343 1293 2420 quo

215 2444 361 2517 'diutius
394 2441 514 2514 tenuit
546 2442 709 2537 vulgaris
744 2466 865 2534 error,
901 2445 967 2541 qui
1000 2468 1048 2519 ne
1080 2442 1294 2519 Aristotelis

219 2561 368 2662 quidem
404 2562 626 2635 auctoritate
659 2563 824 2660 opprimi
855 2567 990 2662 potuit
1040 2563 1165 2661 Hujus
1191 2565 1292 2637 euim

220 2683 269 2757 de
295 2682 447 2781 Orpheo
473 2703 550 2754 non
575 2679 678 2754 atiud
702 2681 819 2756 fuisse
845 2706 955 2781 quam
981 2683 1167 2760 Herodoti
1188 2682 1293 2782 judi-

219 2806 319 2879 cium
343 2811 521 2877 testatum
547 2812 605 2874 est
627 2803 824 2891 notissimo
851 2801 1041 2880 Ciceronis
1065 2807 1149 2880 ioco
1175 2804 1223 2880 de
1248 2803 1293 2880 N.

218 2927 268 3000 D.
290 2926 318 2999 Ι.
335 2924 395 2998 38.
423 2921 660 3020 Orpheum
685 2934 874 3019 poetam
900 2923 1038 3000 docet
1060 2926 1292 3002 Aristote-

219 3049 289 3121 les
315 3064 549 3140 nunquam
573 3042 721 3116 inisse
748 3054 792 3117 et
816 3045 900 3120 hoc
926 3046 1177 3145 Orphicum
1203 3069 1296 3121 car·

220 3188 321 3241 men
353 3163 642 3258 Pythagorei
672 3161 834 3239 ierunt
865 3167 1109 3262 cujusdam
1141 3168 1296 3243 fuisso

222 3284 364 3361 Cerco
372 3285 464 3382 pis,
497 3283 564 3357 ubi
588 3282 682 3358 nulli
706 3284 952 3385 interpretum
977 3290 1018 3361 iu
1042 3298 1204 3374 mentem
1229 3312 1295 3364 ve-

221 3407 280 3480 nit
310 3403 509 3501 Philoponi
542 3403 736 3478 adnotatio
770 3405 820 3480 ad
836 3406 969 3482 'verba
1000 3407 1214 3495 Aristotelis
1246 3407 1296 3482 de

222 3523 294 3601 An.
319 3524 349 3597 I.
374 3519 410 3596 5.
434 3532 546 3601 τοῦτο
572 3525 763 3604 πέπονθεν
788 3526 809 3604 ὅ
836 3531 878 3606 ἐν
901 3535 981 3614 τοῖς
1001 3529 1201 3631 Ὀρφικοῖς
1225 3560 1295 3621 κα,-

224 3645 417 3746 Ἇοομίνοις
442 3646 542 3721 ἔπεσι
554 3641 684 3750 λόγος,
710 3645 845 3745 quibus
871 3647 963 3723 haec
986 3647 1201 3748 adscripsit:
1226 3680 1296 3729 κα-

225 3768 416 3867 λουμένοις
441 3765 561 3856 εἶπεν,
586 3766 710 3864 ἐπειδὴ
735 3768 788 3870 μὴ
813 3769 918 3848 δοκεῖ
937 3772 1108 3874 Ὀρφέως
1133 3771 1230 3849 εἶναι
1246 3771 1296 3849 τὰ

226 3888 315 3983 ἔπη,
351 3885 401 3974 ὥς
426 3887 491 3965 καὶ
515 3885 630 3973 αὐτὸς
654 3890 695 3968 ἐν
720 3897 798 3976 τοῖς
827 3891 912 3993 περὶ
936 3890 1159 3994 φιλοσοφίας
1185 3893 1295 3996 λέγει·

226 4009 344 4086 αὐτοῦ
369 4006 440 4107 μὲν
465 4004 540 4113 γάρ
567 4013 639 4087 eloe
662 4011 711 4089 τοὶ
736 4007 928 4117 δόγματα·
965 4022 1085 4091 ταῦτα
1110 4012 1157 4091 de‘
1179 4038 1295 4117 φησιν
