2909 4825
181 224 194 246 s
253 169 330 244 728
575 181 720 239 ursus
745 181 1007 262 secuturus.

276 343 320 406 10
339 336 435 414 εδθὺς
455 337 499 404 ὅτ’
523 336 557 404 ἐκ
577 334 722 425 περάτων
742 336 832 422 γαίης
855 334 998 404 outaev.
1013 330 1193 424 δννροάσυν

335 443 496 526 χρυσείαις
517 440 618 506 ἀκτῖσι
637 436 720 527 βάλῃ
742 434 818 526 ῥόον
839 436 995 519 ὠκεανοῖο,

340 542 418 628 αὐγὴ
440 543 468 608 δ’
492 542 625 619 άσπετος
645 533 685 630 ᾖ,
708 539 770 606 ἀνὰ
790 541 825 605 di
846 538 952 628 δρόσῳ
973 539 1176 627 άμφιμεγεῖσα

338 646 502 732 μαρμαίρῃ
524 647 643 732 δίνησιν
665 642 845 726 ἑλισσομένη
866 641 947 708 κατὰ
967 641 1078 707 κάκλον

274 777 278 784 ’
340 745 581 833 πρόσθε“θεοῢ,
605 744 684 831 ζώνη
705 746 734 811 δ’
758 744 807 831 ἄρ’
829 741 889 809 tut
912 744 1048 831 οτίρνων
1067 742 1248 830 άμετρῆτων

341 849 458 936 φαίνετ’
481 848 529 936 ἄρ’
553 849 689 916 ὠκεανοῦ
710 844 820 925 κδκλος
839 848 918 933 μίγα
940 845 1037 929 θαῦμ’
1060 847 1227 923 ἔςιδίσθαι.

256 971 413 1046 Vossius
445 975 485 1045 in
510 973 630 1070 Epist.
656 970 815 1065 Mythol.
843 969 885 1043 Τ.
911 970 976 1044 ΙΠ.
1002 991 1039 1067 p.
1066 968 1128 1044 32.
1153 970 1249 1044 hume
1276 971 1342 1042 Ιο-

179 1163 182 1168 ,
256 1116 342 1166 eum
377 1114 429 1165 ex
455 1092 687 1167 Onomacriti
717 1097 885 1177 Τελειαῖς
917 1091 1180 1187 transcriptum
1204 1100 1342 1189 putat3

256 1215 290 1286 si
314 1212 497 1286 Macrobii
524 1212 639 1289 verba
662 1211 874 1306 religiosius
898 1211 1135 1308 interpretari
1160 1210 1340 1301 velimus,
1363 1291 1373 1299 a

258 1331 492 1407 eBacchicis
526 1331 743 1430 decerptum
776 1330 959 1421 dicemus,
995 1352 1090 1427 quae
1113 1329 1242 1405 Niciae
1268 1331 1340 1404 tri·

258 1454 439 1542 buuutur,
480 1454 633 1550 antiquo
666 1463 765 1525 certe
790 1452 950 1540 auctori3
987 1469 1196 1547 quanquam
1221 1448 1337 1524 uobis

257 1585 359 1647 totus
394 1573 574 1645 orationis
608 1572 710 1645 color
744 1585 781 1643 et
806 1582 1062 1665 argumentum
1087 1570 1213 1666 ipsum
1239 1569 1338 1643 Ora·

257 1692 349 1766 culis
382 1692 648 1790 Porphyrionis
686 1690 907 1765 mirabiliter
942 1711 1141 1785 congruere
1174 1688 1340 1766 videtur.

258 1809 444 1886 Gesnerus
484 1813 526 1886 in
565 1823 656 1886 nota
686 1813 809 1908 primo
843 1812 970 1888 versui
1004 1809 1187 1905 subjecta,
1221 1808 1341 1908 Ope·

257 1954 386 2022 rosa,
419 1934 558 2031 inquit,
592 1931 871 2031 praeceptio
908 1929 963 2003 de
998 1942 1165 2004 ornatu
1191 1941 1238 2003 et
1262 1951 1338 2006 ve·

257 2055 376 2126 stitu
403 2051 686 2140 sacerdotis,
717 2064 925 2125 remotae
950 2043 1259 2148 antiquitatis
1287 2061 1339 2123 et

254 2195 408 2292 paene
441 2174 676 2246 Mosaicae
707 2169 950 2245 indicium.
1008 2170 1173 2244 Fabulus
1198 2171 1336 2244 Roma·

256 2315 391 2367 nenses
417 2295 449 2366 si
475 2294 624 2390 legisset
649 2293 922 2390 vir-optimus,
947 2292 1136 2392 permulta
1161 2294 1199 2364 ei
1223 2291 1336 2388 hujus

258 2415 446 2488 Mosaicae
493 2414 726 2512 antiquitatis
773 2411 913 2487 iudicia
954 2413 1216 2504 occurrisseut3
1270 2414 1334 2510 qui

258 2537 356 2607 enim
382 2532 626 2635 Arclrimagus
662 2546 728 2607 aut
753 2533 965 2607 Exorcistes
991 2555 1153 2631 unquam
1180 2553 1334 2632 conspe-

257 2664 338 2726 ctus
381 2663 439 2727 est
470 2654 551 2725 sine
584 2652 707 2725 tutulo
741 2652 857 2725 solari
889 2666 928 2727 et
959 2654 1107 2727 stellata
1140 2655 1266 2726 tunica
1296 2664 1333 2725 ot

257 2773 403 2867 cingulo
437 2769 634 2845 duodecim
668 2773 782 2866 signis
807 2771 1010 2870 inscriptol
1036 2771 1175 2848 Verum
1201 2772 1249 2845 de
1274 2795 1334 2845 or-

256 2904 346 2966 natu
386 2905 424 2966 et
462 2880 603 2968 vestitu
636 2890 840 2968 sacerdotis
874 2894 1027 2967 omnino
1059 2914 1136 2966 non
1168 2892 1334 2990 loquitur

155 3068 158 3075 .
257 3012 429 3111 Orpheus
454 3011 521 3087 sed
547 3011 595 3086 de
621 3010 742 3089 divini
766 3013 954 3087 simulacri
978 3015 1233 3111 apparatione,
1260 3035 1334 3111 qua

257 3131 305 3205 dc
330 3157 371 3205 re
396 3135 517 3209 multa
540 3134 818 3232 praecipiuntur
841 3136 883 3208 iu
910 3132 1068 3207 oraculis
1094 3132 1142 3206 ab
1168 3130 1332 3207 Eusebio
1383 3170 1387 3179 ·

257 3252 530 3361 ethNiceplroro
556 3257 732 3358 serratim
757 3255 811 3328 sic
834 3255 932 3329 euim
958 3253 1101 3328 Hecate
1127 3255 1243 3329 canit:

335 3386 431 3452 Ἀλλὰ
450 3389 527 3454 τέλει
550 3386 662 3467 ξόανον
682 3387 932 3474 κεκαθαρμένον,
955 3387 998 3465 ὥς
1019 3411 1054 3454 σε
1076 3385 1203 3472 διδάξω,

341 3485 481 3574 πηγάνου
502 3491 535 3568 ίξ
556 3489 673 3578 δηρίοιο
695 3491 793 3573 δίμας
814 3492 893 3556 ποίει
914 3489 964 3573 ἠδ
988 3488 1145 3573 ίπικάσμει

340 3589 462 3672 ζάοισιν
482 3598 618 3659 λεπτοῖσι
640 3594 837 3671 κατοικιδίους
857 3589 1075 3676 σκαλαβῶταις

123 3776 126 3781 ,
256 3724 296 3787 et
319 3736 447 3790 rursus

333 3848 421 3935 Ἤδη
441 3875 496 3933 μοι
517 3849 588 3937 σάγε
610 3849 713 3917 πάντα
734 3851 813 3916 tila
822 3900 833 3933 ,
855 3849 967 3928 ξόανον
988 3852 1024 3915 δὲ
1044 3851 1078 3915 ἓν
1098 3847 1194 3940 cosp.

337 3950 446 4039 μορφή
464 3978 518 4036 μοι
540 3953 660 4021 narrar
682 3950 868 4042 Δημήτερος
889 3949 1107 4041 ἀγλαοκάρπου
