2909 4825
230 226 319 301 -178
600 231 748 288 meus
772 231 962 288 rursus.
1066 197 1070 207 ’

243 369 416 474 aaran
441 391 671 492 praesederit
693 389 869 466 muneri
894 399 1027 463 austu
1054 386 1171 462 raes
1198 385 1323 462 eorm.

245 548 274 601 o.
299 519 433 594 XLlll.
467 536 555 587 nam
588 515 742 588 omn'mo
774 509 1015 585 saoerdotalis
1047 508 1196 582 babitus
1223 530 1324 582 oom-

243 642 347 716 muni
361 636 567 723 delicatior,
592 631 826 732 splendidior
846 622 1092 725 muliebrique
1114 629 1321 731 propior[‘]

244 762 335 850 luit,
360 761 442 833 sive
467 754 556 851 quia
581 754 629 827 ab
655 755 877 850 antiquitate
901 751 1054 839 ultima,
1079 760 1123 821 ut
1146 747 1324 845 pleraque

243 882 415 955 institute
447 896 570 962 sacra,
602 884 786 965 retentus,
817 874 900 947 sive
925 870 1069 945 decons
1095 890 1216 942 eausa
1268 866 1324 942 Aa

244 1019 402 1101 sponsos
428 1016 574 1094 quoque
598 995 738 1069 stolam
768 992 936 1066 induisse
959 991 1178 1065 Plutarchus
1210 1000 1322 1063 testa-

244 1134 304 1196 tur
329 1118 480 1209 Quaest
514 1113 577 1189 Gr.
603 1114 735 1188 LVIII.
766 1114 854 1187 409.
888 1113 955 1186 illo
986 1115 1071 1209 ipso
1104 1112 1207 1200 loco,
1246 1131 1320 1208 quo

243 1261 387 1316 morem
405 1234 523 1310 Coum
544 1234 594 1308 ab
607 1234 780 1309 Herculis
807 1232 1054 1306 occultatione
1079 1233 1226 1329 repetit,
1252 1231 1321 1304 sie·

114 1433 126 1450 ,
243 1374 286 1436 ut
311 1360 386 1433 alio
413 1355 635 1430 muliebrem
661 1351 932 1464 Oschophordn
959 1353 1143 1431 ‘vestitum
1174 1373 1199 1423 a
1224 1347 1321 1422 The-

244 1483 299 1555 sei
324 1491 363 1552 et
387 1478 570 1551 eomitrun
595 1474 822 1573 latebris['']‚
859 1472 960 1570 quod
985 1494 1101 1568 genus
1135 1472 1319 1566 conjectu-

242 1621 370 1674 rarum
393 1618 505 1696 quam
536 1594 672 1669 leviter
703 1591 939 1691 profuderint
970 1607 1132 1684 veteres,
1170 1588 1319 1665 abunde

242 1731 370 1818 patere
395 1715 565 1791 arbitror.
1408 1769 1412 1787 ,,

344 1838 417 1911 His
442 1846 481 1908 et
506 1833 644 1907 talibus
670 1834 704 1907 si
730 1834 813 1930 quis
840 1833 988 1908 credere
1005 1835 1127 1922 volet,
1151 1834 1317 1929 isneqtte

242 1956 484 2032 ludaicorum
508 1953 706 2029 deuterum
739 1955 899 2048 argutias
929 1954 1128 2052 repudiare
1156 1949 1318 2037 debebit,

242 2100 366 2152 aream
398 2073 553 2165 Noemi,
590 2082 813 2148 suncturam
851 2073 1096 2164 tabernaculi,
1134 2072 1318 2169 templum

242 2199 470 2288 Salomonis,
505 2194 675 2269 habitum
700 2195 952 2293 pontificalem
983 2198 1039 2269 ita
1071 2197 1163 2269 scita
1194 2193 1318 2287 conje-

243 2321 439 2407 otantium,
464 2327 507 2388 ut
519 2314 666 2388 nullum
679 2314 819 2402 licium,
846 2315 987 2389 nullam
1003 2338 1115 2390 uuam
1129 2314 1316 2388 bracteam

241 2438 557 2538 praetermittant,
608 2437 699 2533 quin
737 2433 857 2510 divini
887 2435 1068 2534 quiddam
1107 2436 1317 2511 intellectus

240 2557 456 2651 subnotent3
481 2576 602 2652 neque
626 2554 690 2627 illo
712 2555 775 2629 his
799 2556 939 2630 similes
964 2557 1117 2632 Petrum
1130 2534 1331 2631 Ecclesia-⁶

240 2679 416 2752 eticorum
433 2676 598 2774 θεωρίας
618 2674 802 2776 μυστικάς
815 2679 1090 2775 aspernabimr,
1115 2700 1234 2776 neque
1248 2698 1315 2751 va·
1373 2768 1376 2773 Ι

240 2819 368 2871 serum
394 2808 432 2871 ot
456 2807 604 2870 aetuum
635 2817 826 2871 mororum
858 2800 1182 2899 interpretationes
1213 2819 1315 2892 sym-

238 2916 378 2990 bolicas
403 2918 444 2990 in
468 2914 639 2992 Druandi
664 2918 896 3018 aliorumque
908 2918 1165 2994 Rationalibus
1191 2927 1230 2991 et
1246 2916 1314 2991 of-

164 3090 169 3099 ,
238 3037 417 3112 fleialibus
442 3039 667 3137 propositas.
717 3037 816 3114 Nem
841 3042 933 3115 haee
964 3042 1090 3115 omnia
1115 3041 1313 3114 Graecani·

240 3160 293 3232 eis
316 3159 392 3233 illis
417 3170 495 3233 tam
520 3158 659 3233 similia
689 3174 777 3235 sunt
808 3174 911 3253 ortu,
947 3184 1097 3257 genere,
1136 3186 1225 3253 usu,
1256 3173 1312 3252 ut,

239 3281 304 3377 qui
327 3279 394 3353 illa
419 3279 644 3379 exploserit,
669 3281 906 3357 scholastieas
922 3282 1148 3356 Graecorum
1164 3284 1311 3383 sapien·

239 3401 312 3488 tias
343 3421 421 3474 non
451 3402 572 3499 possit
602 3422 679 3474 non
713 3415 966 3491 contemnere,
1005 3403 1070 3500 qui
1101 3414 1226 3477 eutem
1240 3403 1309 3475 ⁴bis

78 3604 85 3618 ,
214 3520 385 3634 Μαι,
422 3522 600 3595 meruisse
624 3519 815 3611 videamr,
855 3544 919 3595 eur
950 3523 990 3594 in
1021 3522 1222 3620 ruspandis
1247 3545 1309 3596 eu·

311 3723 351 3794 [t]
369 3719 532 3848 ueratrum
556 3724 757 3779 Pharisaeorum
779 3729 866 3778 vertes
887 3724 1016 3779 molliores
1044 3724 1139 3799 ἱμάτια
1163 3731 1306 3800 γυναικεῖα

241 3793 365 3848 uomina·
379 3810 406 3849 v.
449 3793 527 3853 uben.
544 3794 578 3849 de
594 3795 634 3848 Re
651 3802 717 3850 vest.
735 3795 769 3849 la.
787 3796 809 3850 1.
828 3813 852 3849 e.
872 3794 913 3848 17.

311 3880 350 3951 [v]
367 3881 395 3934 ι.
418 3882 532 3936 erm
555 3882 677 4004 ”blm
701 3882 791 3935 nnn
815 3884 926 3938 veens
946 3883 1004 3939 res
1028 3903 1055 3939 v.
1073 3868 1237 3943 alnao.
1256 3883 1305 3938 ιιι.

238 3946 410 4076 ffvffidm
424 3952 517 4077 llllxp
520 3950 600 4076 1³16.
620 3952 698 4076 isIV.
716 3951 815 4022 Lydios
832 3953 860 4007 in
876 3952 949 4008 lueto
966 3955 1085 4009 muliebri
1101 3964 1174 4011 veste
1192 3955 1236 4013 uti
1247 3962 1304 4010 tre-
1341 3996 1346 4015 .
