2909 4825
532 274 808 331 onrnrcs
1136 255 1212 333 345

8 491 11 498 .
138 437 233 509 risui
274 434 549 509 commentariis
590 429 786 505 adnotaret
832 429 1121 536 (παραγράφειν
1165 433 1214 510 τὰ

139 557 346 656 ἀρέσκοντα
377 564 456 641 τοῖς
488 562 557 631 τοῦ
591 550 823 630 διδασκάλου
848 552 1027 652 βιβλίοις)
1060 550 1102 626 io
1126 573 1160 627 ο
1175 574 1217 627 se

137 676 333 773 impetrari
364 697 498 774 passus
530 686 605 765 est,
643 685 740 746 teste
763 671 929 747 Auctore
953 671 1064 747 Vitse
1097 699 1126 748 c.
1154 675 1216 765 27,

139 820 176 895 p.
193 799 254 869 21.
279 794 603 901 παραγράφοντος
628 791 804 880 οὖντοῖς
827 790 1106 894 μοτοίποιςτῶν
1121 795 1216 873 ὕπο-

139 916 349 1018 μνημοίτων
381 921 538 1017 ἔσχομεν
572 914 800 1020 συναγωγὴν
833 920 885 1001 τίς
899 953 903 964 ·
916 914 1060 995 ταύτὸν
1092 913 1217 994 ἆποίν-

139 1069 218 1116 των
242 1039 306 1126 καὶ
331 1040 474 1143 ἐγένετο
500 1044 552 1123 τίς
572 1036 721 1136 ίΟρφία
748 1037 853 1138 αὐτῷ
880 1032 1010 1133 σχόλια
1032 1036 1096 1112 καί
1119 1037 1216 1115 ὑπο-

138 1156 317 1257 μνήματα
343 1157 483 1257 στίχων
518 1160 589 1235 οὐκ
614 1156 755 1261 ὀλίγων
786 1163 820 1232 el
843 1156 908 1233 καὶ
932 1156 995 1254 μὴ.
1010 1161 1061 1241 τίς
1086 1165 1216 1238 πᾶσαν

140 1279 208 1376 τὴν
233 1279 455 1379 θεομυθίαν
485 1277 510 1377 ἢ
544 1275 668 1363 παίσας
698 1274 767 1362 τὰς
800 1276 998 1379 ῥαψῳδίας
1032 1278 1213 1380 ἐξεγένετο

141 1401 246 1500 αὐτῷ
270 1409 382 1478 τοῦτο
408 1407 571 1498 ποιῆσαι.
620 1398 666 1471 ln
698 1396 833 1471 endem
858 1397 982 1472 stadio
1009 1397 1218 1472 decucurrit

140 1519 355 1611 Hierocles,
393 1523 458 1618 qui
483 1521 524 1593 in
557 1528 689 1617 quarto
724 1517 772 1591 de
796 1518 1041 1593 vaidentie
1066 1520 1217 1594 annuus
1256 1515 1258 1520 ’

141 1651 199 1714 est
229 1642 279 1719 τὰ
312 1639 494 1746 λεγόμενα
525 1638 653 1744 Λόγια
683 1640 749 1716 καὶ
782 1639 872 1725 τούς
907 1640 1114 1740 ἱεραακοὸς
1146 1645 1216 1717 θε-

139 1762 260 1860 σμοὺς
286 1769 337 1849 τίς
370 1761 600 1863 συμφωνίαν
633 1763 740 1866 ἄγειν
772 1759 829 1845 οἷς
853 1757 1022 1839 Πλοίτων
1053 1758 1218 1866 ἐδογμά-

142 1907 263 1961 τισεν·
297 1881 388 1961 ὅδὲ
413 1884 577 1982 πέμπτος
602 1887 653 1966 τίς
675 1883 824 1983 Ὀρφέα
856 1880 922 1957 καὶ
944 1881 1121 1983 Ὅμηρον
1153 1883 1219 1959 καὶ

141 2003 224 2079 ὅσοι
249 2006 354 2080 ἄλλοι
387 2004 460 2100 πρὸ
493 2011 560 2099 τῆς
586 1997 795 2087 Πλάτωνος
820 1999 1036 2101 ἐπιφανείας
1062 2003 1217 2104 ἐγνωρί-

142 2123 272 2228 ζοντο,
303 2124 375 2220 τὴν
406 2120 658 2218 Πλατωνικὴν
689 2121 782 2222 περὶ
804 2116 953 2197 τούτων
986 2122 1216 2221 φιλοσοφίαν

144 2240 301 2320 decime
325 2242 432 2316 Phot.
457 2241 553 2316 Bibl
580 2238 780 2316 ccxxiv.
806 2263 843 2337 p.
865 2238 952 2313 285.
983 2241 1061 2336 Τὴν
1081 2244 1216 2343 'Oppr-

11 2399 17 2414 ·
143 2364 213 2461 κὴν
237 2364 301 2441 καὶ
325 2364 548 2461 Χαλδαϊνὴν
573 2361 714 2464 σοφίαν
746 2362 829 2437 sive
853 2358 1076 2465 θεολογίαν,
1110 2364 1216 2460 quiesi
1301 2458 1304 2467 Α

144 2483 275 2558 eodem
301 2497 506 2581 vergentes,
530 2485 744 2558 consociant
757 2481 925 2556 Marinus
946 2506 976 2555 α
990 2482 1052 2556 26.
1067 2492 1107 2554 et
1121 2480 1218 2556 Scri·

142 2617 230 2705 ptor
262 2604 372 2678 Vitae
404 2604 541 2680 Isidori
582 2607 689 2681 Phot
723 2600 901 2678 CCXLII.
934 2601 1020 2678 560.
1060 2626 1219 2701 querum

143 2741 339 2823 utramque
374 2726 437 2801 vel
475 2739 573 2800 certe
609 2727 777 2826 priorem
813 2724 1029 2822 complexus
1067 2724 1219 2799 videtur

142 2844 384 2945 Asclepiades
415 2846 649 2936 Mendesius,
690 2848 796 2942 cujus
827 2845 1064 2949 πραγματεία
1098 2849 1219 2949 περιέ·
1253 2868 1256 2875 “

139 2995 264 3068 χουσα
293 2977 372 3047 τῶν
396 2972 606 3075 θεολογιῶν
638 2968 798 3045 ἁπασῶν
827 2964 898 3062 τὴν
930 2967 1161 3068 συμφωνίαν
1193 2990 1220 3042 s

144 3087 263 3164 Suide
293 3102 503 3163 recensetur
527 3111 557 3163 s.
585 3089 801 3190 Ἡραίσκος·
827 3085 915 3158 libri
941 3090 1075 3182 egregii
1101 3090 1219 3186 speci·

143 3234 230 3284 men
255 3208 410 3308 praebet
434 3209 635 3284 Suetonius
660 3210 701 3282 in
716 3206 811 3302 Aug.
838 3229 868 3279 ο
895 3205 956 3279 94.
982 3208 1032 3279 In
1057 3206 1219 3282 Ascle·

144 3331 301 3437 pisidio
335 3330 567 3405 Mendetis
596 3328 906 3434 Θιολογοομίνων
937 3326 1078 3423 libris
1113 3329 1219 3425 lego

144 3450 320 3543 Atium,
359 3474 497 3550 quum
532 3450 590 3526 sd
624 3452 832 3525 solemne
862 3446 1109 3545 Apollinis
1145 3432 1224 3537 se}

146 3597 269 3648 orum
300 3571 453 3647 medie
486 3582 624 3677 nocte
657 3570 893 3659 venisset,
919 3568 1220 3645 obdormisse

146 3684 489 3793 draconemque
519 3682 715 3790 repente
751 3692 1013 3788 irrepsisse
1038 3691 1094 3766 ed
1121 3713 1219 3767 esm

146 3859 197 3872 -
220 3813 475 3911 Augustum
507 3824 666 3888 netum
697 3834 853 3887 mense
886 3812 1111 3887 decimo.“
1144 3833 1218 3911 quo

147 3936 324 4034 exemplo
348 3937 462 4011 homo
476 3935 741 4009 'sanctissimus
757 3932 1000 4008 sodomiticos
1012 3932 1219 4039 Aegyptio-

146 4080 229 4137 rum
260 4055 434 4134 libidines
466 4056 667 4133 excusevit.
717 4054 822 4131 Haec
853 4068 945 4130 vero
980 4074 1122 4129 versus
1154 4076 1219 4128 cu·
1337 4090 1342 4099 ·
