2909 4825
221 197 301 279 'lm
580 218 724 274 urana
742 214 939 294 ,neruus

227 331 502 474 angelorum
540 375 795 474 myriades,
850 376 956 451 illic
994 372 1302 470 archangelo·
1435 373 1436 404 ³

226 521 327 571 rum
353 496 606 591 chiliades,
638 497 756 574 alibi
782 477 1121 600 prophetarum
1145 494 1303 569 cohor·
1431 523 1438 586 ρ

227 628 298 726 tes
331 628 378 691 et
409 629 672 694 sanctornm
704 618 915 715 legiones
949 614 1013 693 Or.
1039 614 1088 689 de
1113 615 1154 691 B.
1180 613 1304 687 Philo·
1437 631 1438 634 ‘

227 738 340 833 genio
371 762 410 836 p.
437 736 526 813 494.
559 738 604 814 Ε.
636 738 679 813 Τ.
711 738 741 813 l.
773 758 926 837 prorsus
958 747 1002 812 ut
1032 738 1073 810 in
1105 733 1306 811 ‘themistii

224 856 310 929 loco
343 859 489 931 animm
515 857 711 962 ἐλεύθερος
735 858 900 964 γεγονὼς
924 901 976 915 -
1002 856 1305 958 ἐστεφανωμένος

228 975 392 1083 ὀργιάζει
422 979 486 1055 καὶ
519 976 672 1058 σύνεσιν
702 978 819 1063 ὁσίοις
850 978 914 1055 καὶ
948 980 1134 1079 καθαροῖς
1159 971 1305 1075 ἄνδρά·
1342 1021 1346 1028 ·

230 1125 311 1188 σιν,
343 1098 413 1177 τὸν
446 1096 632 1199 άμάητον.
650 1103 822 1177 ἐνταῦθα
845 1105 925 1175 τῶν
950 1094 1106 1190 ζώντων
1130 1093 1305 1196 ἀκάθαρ-

227 1246 296 1296 τον
321 1220 482 1320 άφορῶν
506 1221 620 1316 ὄχλον
645 1221 687 1296 ἐν
711 1213 893 1320 βορβόρῳ
917 1218 982 1294 καὶ
1006 1215 1139 1317 ὁμίχλῃ
1163 1212 1306 1291 πατού-

187 1429 191 1438 ·
227 1367 354 1439 μενον.
406 1334 491 1411 Jam
523 1339 558 1411 si
584 1362 632 1412 ex
658 1335 917 1432 chrysostomi
941 1334 1066 1412 verbis
1092 1335 1214 1431 colligi
1238 1345 1308 1434 po·

228 1469 321 1547 test,
354 1458 395 1530 in
428 1458 618 1550 mysteriis
652 1453 949 1532 Christianorum
982 1467 1186 1550 martyras,
1218 1476 1307 1553 pro·

228 1577 380 1674 phetas,
430 1577 600 1673 angelos,
646 1577 885 1673 archangelos
925 1563 1144 1675 apparuisse
1184 1575 1307 1648 coemi

220 1708 458 1785 sanctorum,
500 1693 626 1768 licebit
665 1698 781 1769 etiam
820 1696 1015 1770 Themistii
1053 1695 1339 1769 testimonium·

229 1817 283 1889 sie
307 1815 555 1914 interpretari,
581 1817 687 1913 quasi
712 1816 867 1912 singulis
892 1816 1019 1891 verbis
1035 1803 1179 1911 singula
1195 1813 1308 1886 Eleu-

229 1935 317 2008 sinii
354 1933 554 2034 spectaculi
593 1948 783 2010 momente
815 1934 864 2009 ad
881 1927 1081 2010 'summam
1111 1920 1308 2009 veritatem

106 2149 114 2164 ι
230 2065 359 2128 exacta
383 2057 467 2128 sint

223 2221 230 2234 ·
270 2200 271 2203 ¹
332 2172 516 2274 Equidem
549 2198 626 2251 non
650 2176 715 2251 ibo
740 2177 879 2251 infitias
904 2197 1011 2250 saera
1033 2174 1193 2268 mystica
1217 2194 1309 2270 prae

231 2296 370 2372 ceteris
396 2296 588 2391 magnilica
612 2283 796 2370 adornata
821 2317 940 2393 eoque
965 2305 1148 2394 apparatu
1172 2295 1309 2367 instru-

230 2426 290 2487 cta
324 2414 459 2505 fuisse,
493 2427 536 2488 nt
566 2418 821 2514 praesentium
855 2407 1000 2489 animoa
1021 2426 1102 2488 mm
1126 2415 1310 2489 varietate

230 2544 312 2605 tum
337 2532 536 2629 splendore
560 2538 685 2616 renim
709 2546 887 2609 tenerent.
936 2533 982 2608 Id
1014 2537 1114 2609 enim
1138 2544 1220 2608 tum
1244 2535 1312 2609 ahi

231 2650 304 2724 loci
330 2649 605 2746 demonstrant,
631 2654 766 2753 quibus
786 2655 868 2750 jam
893 2655 954 2728 usi
978 2676 1119 2746 sumus,
1145 2666 1227 2728 tum
1249 2654 1312 2728 hic

232 2769 408 2845 Aristidis
435 2774 475 2845 in
501 2772 564 2847 Or.
591 2774 691 2848 Sacr.
718 2774 782 2849 lv.
802 2775 890 2850 232.
915 2772 965 2872 ἦν
991 2775 1073 2854 οῖον
1091 2784 1215 2874 τελετῇ
1234 2803 1312 2852 τινι

233 2893 444 2990 προσεοικὸς
474 2896 519 2972 τὸ
554 2904 711 3001 πρᾶγμα
720 2950 735 2984 ,
761 2897 861 2974 οὕτω
885 2895 1007 2973 θείων
1031 2925 1072 2972 το
1098 2894 1163 2973 καὶ
1186 2924 1314 2996 παρα-

233 3009 357 3098 δόξων
379 3022 460 3091 τῶν
484 3014 692 3116 δρωμένων
717 3017 852 3094 ὄντων.
888 3008 988 3108 Quin
1021 3035 1091 3113 pro
1117 3027 1218 3089 certo
1244 3015 1343 3088 ha·-

232 3129 325 3221 beo,
350 3134 575 3209 sacrificulos
599 3134 789 3210 interdum
813 3137 921 3213 varis
944 3126 1225 3235 praestigiarum
1250 3158 1310 3231 ge-

233 3273 335 3342 nera,
362 3253 495 3352 qrribns
520 3255 689 3330 honines
715 3257 960 3355 simpliciores
978 3253 1312 3352 obstupefecerant,

233 3372 274 3445 in
313 3384 465 3470 promtu
502 3374 688 3450 habuisse.
745 3377 807 3451 De
837 3376 1000 3452 Hecates
1034 3377 1146 3448 sacris
1179 3387 1312 3448 testem

235 3489 396 3565 adhibeo
421 3493 586 3570 Dionem
606 3494 737 3592 Chrys.
759 3496 821 3571 01.
842 3495 907 3570 lt.
931 3495 1015 3568 168.
1042 3498 1132 3573 imos
1152 3494 1312 3573 εἰώθασι

236 3622 315 3690 τῶν
352 3612 437 3715 περὶ
467 3614 537 3702 τάς
568 3619 716 3704 τελετάς
750 3618 815 3694 καὶ
850 3610 900 3694 τά
931 3612 1164 3718 καθάρματα
1196 3625 1312 3716 μῆνιν

232 3729 383 3832 Ἑκάτης
409 3734 646 3837 ἱλασκόμωοί
669 3767 709 3814 τε
733 3734 954 3833 edidicisse]
980 3733 1187 3837 φάσκοντες
1205 3732 1311 3832 ποιή-

238 3877 335 3942 σειν,
369 3858 492 3935 ἔπειτα
498 3913 512 3946 ,
545 3857 669 3956 οἶμαι,
701 3854 884 3959 φάσματα
917 3857 1035 3936 πολλοὶ
1065 3857 1130 3934 καὶ
1163 3855 1312 3935 ποικίλα

238 3971 310 4071 πρὸ
335 3983 414 4054 τῶν
438 3982 654 4076 καθαρμῶν
680 3973 918 4081 ἐξηγούμενοι
942 3978 1006 4055 καὶ
1030 3973 1311 4066 ἐπαλιικνάντος,
