2909 4825
215 236 287 306 181)
564 242 709 296 mnne
734 237 920 294 ceruus.

212 405 376 491 intersit,
402 405 472 475 etsi
498 412 576 474 arte
602 396 864 498 comprehendi
888 417 965 470 non
989 401 1132 512 potest,
1158 404 1283 465 temen

215 524 461 621 uuusquisque
485 523 692 619 peritorum
716 516 900 611 intelligit.

678 772 712 870 s.
764 692 845 845 22.>

244 1067 247 1074 ,
320 1000 448 1091 Longa
473 998 565 1094 haec
593 993 667 1067 fuit
699 993 747 1067 ab
772 992 940 1065 instituto
975 1010 1080 1061 cursu
1108 989 1285 1085 digressio

218 1117 286 1204 sed
311 1117 360 1191 ad
386 1113 672 1213 explicandum,
707 1132 801 1208 quae
827 1111 948 1183 exorsi
980 1131 1126 1198 sumus,
1164 1132 1288 1183 neces-

222 1240 329 1312 saria.
382 1235 494 1313 Nam.
515 1237 549 1307 si
586 1244 742 1331 apparet
776 1241 922 1304 veteres
955 1231 1214 1325 erchaeologos
1248 1230 1289 1300 in

221 1353 507 1455 interpretandis
532 1354 716 1452 majorum
741 1351 921 1423 institutis
948 1350 1050 1423 haud
1074 1351 1182 1423 aliter
1206 1370 1289 1422 ver-

225 1487 327 1580 satos
345 1497 440 1550 ¹esse
466 1496 576 1570 quam
612 1473 652 1545 iu
682 1482 876 1569 poetarum
890 1470 1038 1544 labrdis
1069 1471 1289 1567 interpretes
1355 1529 1361 1534 .

226 1597 460 1691 allegoricos,
485 1595 571 1666 hinc
588 1589 804 1665 concludere
819 1611 1034 1688 possumus,
1061 1591 1188 1663 omnia
1210 1589 1288 1675 illa,

225 1717 387 1815 quaein
412 1714 599 1808 mysteriis
624 1709 762 1785 tradita
787 1733 867 1783 esse
892 1708 1080 1801 dicunnn,
1117 1732 1192 1783 non
1218 1721 1290 1810 tra·

228 1836 307 1911 dita
331 1856 411 1908 esse
436 1833 503 1908 sed
529 1856 552 1905 a
572 1830 839 1930 spectatoribus
854 1829 1077 1926 excogitata,
1101 1833 1291 1904 sicutsen-

228 1957 367 2031 tentiae
391 1937 930 2048 Pythagoricaeffllatonicae',
957 1949 1115 2041 Stoicae,
1141 1974 1231 2050 quas
1253 1953 1293 2023 in

228 2077 386 2152 Homeri
411 2071 633 2156 carminibus
658 2070 731 2165 legi
754 2069 937 2145 afflmrant
950 2072 1192 2166 Allegoretae,
1218 2094 1294 2144 non

229 2206 363 2296 poetae
384 2204 488 2270 sunt
519 2191 629 2265 effata
659 2190 741 2263 sed
758 2192 926 2289 ipsorum
957 2194 1293 2296 interpretamenta

231 2313 467 2401 Sacerdotes,
504 2312 727 2409 periegetes,
766 2309 935 2383 aedituos
967 2313 1145 2386 nonnulla
1170 2315 1294 2409 priva-

172 2483 174 2488 ·
233 2439 302 2509 tim
327 2415 626 2507 subministrasse
651 2430 855 2519 sacricolis,
880 2454 956 2504 non
974 2436 1204 2529 negaverim,
1230 2432 1298 2509 sed
1403 2504 1405 2506 ,

234 2555 361 2652 potius
386 2554 440 2624 ita
466 2549 704 2638 contendam,
742 2571 928 2625 sacrorum
955 2565 1168 2650 opertorum
1193 2557 1298 2644 ritus,
1337 2605 1340 2621 .

234 2695 307 2772 quo
334 2672 551 2745 occultiores
578 2683 699 2742 essent
724 2679 763 2739 et
787 2670 1063 2763 insolentiores,
1104 2697 1149 2747 eo
1182 2679 1298 2772 magis

236 2806 317 2866 tum
348 2803 575 2889 spectatores
608 2787 657 2861 ad
689 2811 817 2863 1111111
851 2790 1078 2887 indagandas
1112 2797 1299 2885 excitasse,

237 2923 315 2985 tum
341 2912 447 2999 illos,
485 2932 646 3007 quorum
666 2909 860 2999 intererat,
897 2914 1060 3009 nequid
1091 2938 1218 2990 earum
1242 2941 1310 2993 re·.

238 3054 322 3137 rum
360 3032 500 3103 nescire
533 3024 765 3119 viderentur,
804 3029 862 3103 ad'
885 3034 1211 3110 comminiscendas
1234 3038 1301 3111 ‘ss-

130 3160 135 3168 '
240 3172 386 3224 crorum
419 3172 549 3224 causas
580 3150 711 3224 fecisse
741 3154 974 3248 promtiores.
1036 3153 1141 3227 Haec
1165 3169 1303 3232 'autem

233 3271 384 3359 omnia,
422 3291 517 3367 quae
550 3271 687 3344 initiati
718 3271 780 3346 vel
814 3294 837 3343 a
869 3271 1119 3346 sacerdotibus
1155 3298 1305 3377 accepe-

240 3398 347 3479 runt,
370 3388 432 3462 vel
458 3390 666 3494 conjectura
691 3393 860 3485 augeuati
884 3404 988 3482 sunt,
1013 3393 1306 3490 qualiademum

239 3509 365 3599 fuere,
398 3529 509 3611 quam
533 3512 671 3606 pusilla
700 3521 742 3611 et
765 3511 939 3609 puerilia!
991 3512 1087 3586 Vino
1111 3516 1306 3594 libidinem

241 3628 404 3718 incitari,
442 3630 615 3703 mortales
647 3629 811 3726 frugibus
843 3643 882 3704 et
912 3631 1092 3707 fructibus
1123 3634 1306 3723 victitare,

146 3774 149 3779 ·
243 3749 343 3822 veris
368 3748 476 3821 initio
502 3770 608 3843 agros
634 3751 873 3840 efflorescere,
899 3764 1077 3827 autumno
1095 3767 1223 3828 exacto
1242 3754 1306 3826 de-

243 3867 452 3959 florescere,
487 3869 657 3942 haeccine
681 3884 768 3943 sunt
799 3871 866 3943 illa
891 3872 1159 3968 Pelasgicorum
1185 3850 1306 3972 philo-

243 3987 445 4087 sophomm
470 4000 596 4064 sancta
631 4003 668 4064 et
693 4002 848 4085 augusta
871 3996 1070 4086 mysteria,
1109 4017 1203 4093 quae
1235 3994 1318 4075 soli,
1352 4076 1360 4107 x
