2909 4825
222 267 295 343 luo
577 269 719 326 uranu
745 264 934 321 surmus.

221 417 447 538 antiquiores
490 431 658 529 Antipho
704 439 741 501 ct
786 423 1055 509 Philochorus,
1108 418 1296 514 aruspices

92 558 94 563 ’
220 560 477 649 Athenienses.
527 551 675 627 Horum
697 548 812 646 aliqui
832 547 992 620 iortasse
1010 536 1211 614 sacerdotii
1230 528 1302 609 hoss

219 703 312 757 nere
344 675 508 752 contenti
545 673 738 765 scientiam
773 691 851 741 non
883 663 1045 762 professi
1079 670 1187 747 sunt,
1229 654 1298 729 sed

219 799 322 895 paud
354 779 465 896 pauci
497 793 646 891 scriptis
678 791 757 863 suis
789 785 1023 884 disciplinam
1057 775 1297 854 sacrificalem

221 935 260 996 et
283 918 520 1017 antiquitates
544 934 676 989 rerum.
690 908 905 984 divinarum
928 904 1171 977 illustrarunt
1211 898 1295 969 Phi-
1355 932 1358 940 ·

219 1041 392 1117 lochorus
407 1035 466 1111 'de
491 1033 678 1109 sacrificiis
703 1029 869 1127 scripsit3
895 1021 1081 1098 Nicander
1104 1032 1183 1094 tum
1211 1040 1296 1114 geu·

220 1166 314 1238 tium
340 1157 561 1254 urbiumque
589 1152 747 1247 origines
773 1134 1043 1222 scrutatus'est
1075 1153 1155 1214 tum
1181 1139 1296 1212 histe-

177 1274 186 1285 ’
219 1286 315 1357 riarn
341 1277 574 1353 oraculorum
602 1272 855 1359 concinnavit3
893 1265 1090 1353 Proculus,
1122 1260 1295 1334 Nicoma-

220 1404 280 1479 rlri
315 1404 518 1496 interpres,
557 1392 866 1469 commentarium
901 1386 949 1460 de
980 1383 1184 1478 Theologia
1216 1378 1292 1452 esli-

220 1520 289 1612 dit,
312 1522 477 1617 itemque
495 1514 542 1587 de
556 1512 687 1589 sabula
702 1510 915 1598 Pandoram
940 1504 1134 1605 Apollonii
1148 1501 1294 1599 Aphro-

220 1642 391 1718 disiensis
416 1637 513 1711 liber
537 1634 609 1707 fuit
633 1632 718 1734 περὶ
737 1630 904 1731 Ὀρφέως
936 1628 1002 1704 καὶ
1033 1631 1294 1703 τῶν-τελετῶν

212 1765 350 1842 «αὐτοῦ.
403 1757 602 1833 Attianum
633 1755 673 1826 in
708 1761 866 1847 utroque
902 1770 1015 1848 opere
1040 1767 1166 1820 rerum
1194 1740 1294 1816 uivi-

218 1906 353 1958 narum
390 1878 629 1976 antiquitates
662 1881 839 1945 tractasse
877 1878 958 1943 tum
988 1868 1143 1940 Plautius
1182 1856 1295 1937 testa-

219 2015 299 2094 tur,
324 2013 405 2076 tum
432 2022 478 2073 ex
502 1999 569 2086 iu,
602 2016 696 2093 quac
722 2000 941 2091 supersunt,
972 1988 1134 2085 judicari
1158 1994 1294 2083 potest

173 2220 177 2229 μ
219 2123 344 2216 Quum
370 2122 481 2217 igitur
507 2116 555 2193 de
579 2113 784 2208 mysteriis·
801 2111 920 2187 multa
951 2109 1132 2207 privatim
1165 2116 1203 2177 et
1238 2103 1296 2176 dis

219 2257 279 2322 cta
310 2256 349 2318 et
380 2243 519 2338 scripta
550 2238 643 2325 sint,
682 2254 841 2331 quorum
873 2241 1044 2304 suctores
1068 2231 1294 2322 ignoramus,

217 2365 417 2442 manifesto
442 2367 618 2460 apparet,
656 2350 706 2429 ed
732 2349 1084 2438 demonstrandum,
1122 2345 1211 2446 quid
1236 2348 1294 2419 in·

185 2465 188 2472 ¹
217 2499 276 2560 ter
299 2482 547 2583 penetralium
572 2483 750 2571 consepta
770 2473 1005 2570 propositum
1031 2470 1144 2543 luerit
1167 2470 1292 2541 initia-

217 2609 287 2696 tis,
307 2603 416 2680 nullo
442 2595 658 2674 testimonio
684 2593 742 2670 uti
766 2592 888 2682 licere,
916 2593 975 2665 cui
1000 2609 1076 2664 non
1101 2603 1228 2665 auctor
1254 2599 1293 2661 et

216 2726 321 2799 loeus
347 2732 386 2794 et
410 2732 558 2818 tempus
591 2714 812 2786 nominatim
848 2714 924 2788 sint
948 2701 1193 2810 praescripta3
1232 2733 1294 2784 cu·

213 2840 385 2942 jmmodi
407 2837 682 2922 testimonium,
708 2832 811 2930 quod
837 2830 986 2932 quidem
1014 2830 1212 2906 adrerum
1238 2830 1293 2904 di·
1400 2895 1404 2902 .

217 2966 391 3041 visarum
426 2955 634 3034 doctrinam
667 2955 852 3051 pertineat
859 3006 871 3043 ,
910 2952 1054 3026 nullum
1091 2954 1293 3043 invenitur,

217 3106 337 3187 neque
360 3079 524 3157 inveniri
547 3058 682 3176 potest

682 3280 715 3381 s.
767 3282 828 3355 so.

323 3435 471 3532 Quanto
498 3458 613 3536 opere
637 3457 768 3508 eorum
792 3429 1047 3533 improbamus
1064 3433 1294 3532 opinionem,

219 3565 283 3663 qui
308 3560 585 3635 Eleusiniorum
619 3565 789 3631 auctores
817 3565 862 3627 et
893 3555 1078 3627 antistites
1111 3554 1230 3649 gloria
1256 3565 1294 3627 et
1367 3540 1369 3542 ’
1405 3529 1434 3598 <

218 3680 496 3783 praedicatione
532 3677 688 3751 efferunt
723 3670 953 3773 'summisque
990 3676 1134 3771 generis
1174 3675 1293 3749 nostri

219 3799 522 3904 praeceptoribus
542 3799 798 3897 aequiparant,
818 3805 968 3870 tantum
988 3792 1106 3885 abest,
1131 3806 1175 3869 ut
1189 3795 1293 3892 Apo·

220 3926 352 4021 lugetis
369 3919 588 3998 Christianis
614 3919 872 4005 assentiamur,
898 3916 1032 4015 quibus
1057 3919 1190 3991 sec'reti
1208 3938 1293 4008 my-

220 4047 420 4120 steriorum
444 4053 572 4117 coctus
596 4035 789 4115 helluandi
811 4049 849 4110 et
868 4035 1058 4112 scortandi
1079 4058 1190 4110 causa
1212 4047 1292 4109 tum
