2909 4825
233 236 307 310 lot
587 247 731 304 uranu
757 246 944 304 neruus.

199 409 334 508 Δτιλὴς
358 406 547 508 ,φαίνηται
577 407 673 488 otto
705 414 785 493 τοῖς
817 407 903 486 λίαν
936 414 1079 509 σοφοῖς.
1138 407 1204 479 De
1224 404 1309 479 nrt-

232 528 365 604 rtotele
398 525 510 600 multi
540 524 609 600 red
642 525 862 602 brevissime
894 524 1107 602 chalcidius
1139 528 1180 600 iu
1212 523 1310 612 'lire

233 674 263 723 c
290 644 469 722 CCCXX.
499 646 587 721 394.
620 646 764 722 Fabric.
792 645 1214 742 juxtadicentem
1246 643 1312 717 fit

234 768 514 858 obscuritas,
538 788 675 865 quum
699 766 954 866 velstudio
984 765 1187 864 dataque
1206 769 1311 863 dpe-

173 895 178 904 '
234 913 284 965 ra
307 887 471 983 dogma
495 907 626 961 suum
652 887 782 961 velat
806 898 1001 975 auctor,
1020 899 1069 962 ut
1094 887 1312 960 fecerunt

234 1007 521 1086 Aristoteles
554 1018 603 1081 et
636 1005 930 1096 Heraclitus,
956 1008 1031 1083 vel
1056 1004 1321 1081 imbecilli.

234 1143 332 1206 tate
357 1128 599 1202 sermonis.
656 1128 717 1201 lta
747 1125 929 1226 quidquid
953 1139 1021 1201 aut
1043 1127 1217 1202 subtilius
1242 1146 1311 1198 ex-

234 1233 434 1347 cogitatum
467 1258 532 1321 aut
563 1248 811 1321 artificiosius.
832 1248 1084 1337 enuntiatum,
1121 1269 1235 1345 quam
1268 1258 1312 1319 ιιι
1363 1329 1368 1340 ,

234 1365 476 1447 semir'omnes
501 1366 706 1462 intelligere
731 1368 894 1465 possint,
925 1367 965 1441 id
991 1369 1049 1441 illi
1073 1369 1115 1441 in
1138 1366 1310 1444 fraudem

236 1505 274 1566 et
305 1489 582 1564 frustrationem
613 1488 794 1561 lectorum
825 1486 1097 1583 simpliciorum
1124 1489 1310 1585 composi·

235 1624 318 1687 tum
341 1631 422 1683 esse
445 1607 589 1683 volunt
625 1603 737 1697 Quod
761 1628 853 1682 vero
879 1607 966 1681 huic
991 1609 1160 1707 opinioni
1184 1588 1309 1704 proxi·

235 1753 340 1806 mum
372 1740 411 1802 et
441 1748 668 1825 consequeus
694 1741 792 1818 erat,
816 1737 860 1800 ut
884 1748 968 1818 cos,
995 1750 1088 1825 quos
1112 1725 1243 1814 eadem
1266 1728 1309 1799 in

235 1847 428 1927 scribendo
455 1849 599 1921 ratione
622 1869 712 1921 usos
737 1869 819 1921 esse
843 1859 1038 1945 putarent,
1070 1847 1203 1921 eodem
1227 1870 1309 1922 mo·

236 1970 286 2047 do
311 1973 660 2068 interpretarentur,
690 1965 733 2041 id
765 1966 915 2065 quidem
947 1990 1024 2041 non
1055 1969 1221 2043 lecerunt
1244 1991 1310 2043 ue·
1414 1961 1416 1964 ’

234 2115 308 2193 que
341 2086 597 2185 Thucydidem
630 2085 699 2161 sub
732 2089 856 2186 specie
888 2086 977 2161 belli
1003 2088 1310 2188 Peloponnesiaci

234 2211 340 2288 aliud
358 2208 447 2310 quid
467 2231 579 2309 quam
598 2206 699 2305 quod
715 2228 846 2281 omnes
864 2208 1086 2303 intelligunt,
1110 2210 1311 2285 tradidisse

234 2333 414 2433 suspicati
454 2341 561 2419 sunt3
606 2329 696 2427 quio
735 2349 782 2399 ne
812 2326 1105 2426 -uycopuronem
1145 2331 1307 2432 quidem.

236 2450 335 2528 Curi
367 2449 465 2539 Quia
495 2461 574 2523 tota
599 2448 799 2543 allegoriae
830 2451 994 2548 suspicio
1027 2474 1103 2526 non
1135 2476 1183 2526 ex
1212 2454 1307 2552 ipsis

234 2566 476 2670 scriptoribus
509 2590 628 2665 nequo
659 2590 708 2641 ex
743 2570 897 2665 propria
921 2569 1082 2668 quadam
1107 2571 1308 2649 verborum

236 2702 276 2765 et
306 2689 572 2765 sententiarum
604 2688 899 2763 conformatione
930 2687 1041 2765 ducta
1070 2690 1138 2765 sed
1170 2695 1309 2767 extrin-
1418 2708 1429 2725 ·

235 2828 342 2886 secus
379 2809 487 2905 illatis
525 2819 600 2897 est,
640 2810 800 2907 etquis
831 2811 984 2885 omuino
1016 2811 1074 2885 illi
1106 2832 1184 2884 non
1216 2812 1308 2910 quid

236 2933 390 3031 quisque
413 2936 583 3005 veterum
609 2925 766 3019 dixerit,
798 2929 866 3003 sed
892 2930 983 3029 quid
1007 2934 1181 3022 senserit,
1216 2932 1307 3032 quid

169 3108 172 3117 .
234 3054 347 3125 tacite
370 3051 411 3123 in
436 3049 562 3123 auimo
587 3048 828 3141 volutaverit,
853 3073 900 3123 ex
925 3073 981 3140 ea,
1008 3073 1120 3149 quam
1145 3050 1194 3125 de
1216 3073 1307 3150 poe·

235 3173 286 3244 tis
310 3169 470 3267 antiquis
494 3179 747 3268 praesumtum
771 3169 969 3261 habebant,
994 3174 1199 3270 sapientiae
1224 3175 1306 3272 opi·
1316 3266 1319 3273 Ι
1376 3156 1379 3159 ’

235 3291 348 3364 uioue
372 3290 578 3385 conjectare
603 3288 728 3361 conati
751 3300 848 3363 sunt

337 3407 498 3482 Videant
544 3408 657 3505 igitur
701 3406 992 3501 symbolicarum
1030 3413 1307 3511 interpretatio·

234 3549 328 3602 num
360 3529 563 3628 cupitores,
594 3548 689 3626 quos
721 3525 832 3602 duces
867 3541 1086 3627 sequautm,
1117 3534 1307 3608 unffloene

235 3649 459 3744 postrorum,
473 3650 715 3763 iuterppetum
741 3649 817 3745 qui
832 3647 922 3745 quid
947 3650 1123 3750 cujrrsque
1148 3657 1306 3752 scripto·

110 3804 113 3811 ·
235 3768 288 3841 ris
313 3779 438 3859 coms,
459 3766 549 3866 quid
572 3790 688 3867 genus
712 3766 916 3859 scribendi,
941 3768 1032 3868 quid
1058 3774 1181 3869 operis
1206 3773 1302 3846 ratio

237 3889 376 3985 exigat,
409 3886 614 3987 ponderare
644 3887 785 3977 solent,
817 3908 865 3960 au
898 3887 947 3962 de
968 3890 1040 3963 huc
1064 3912 1141 3965 uno
1167 3868 1305 3964 sollici-

235 4019 296 4083 tos
319 4032 367 4083 ne
390 4008 481 4109 quid
504 4009 619 4108 impie
643 4006 690 4080 ab
714 4005 881 4081 Homero
907 4007 1047 4096 dictum
1077 3980 1304 4125 iuveniatun'
