2909 4825
398 281 403 286 ·
524 258 799 315 oarfllcs
941 293 944 300 ι
1121 247 1199 323 417

124 418 287 493 formam
311 428 487 492 mvoeata
511 414 661 504 suerint,
686 415 918 515 interpositis
940 418 1124 514 ejmmndi
1137 444 1199 495 01.
1305 487 1310 492 ,
1425 495 1428 502 ¹

127 537 264 629 ordiis,
315 535 450 635 quibua
489 558 605 611 unum
647 533 697 609 ad
737 535 897 610 alterurn
928 538 1130 615 referretur
1162 554 1201 616 et

127 661 237 759 quasi
262 655 572 754 agglutinantur,
591 654 652 729 id
677 656 772 729 seire
795 659 938 732 nemini
970 681 1201 755 commum

128 777 196 854 sed
221 779 346 876 ipsum
378 775 474 850 illud
506 782 555 853 El
578 774 621 853 di
646 775 851 881 γεωπονίης
875 783 1060 855 sermonis
1086 785 1203 858 eonti-
1325 795 1327 800 ’

128 901 235 975 nuati
258 897 439 972 indicium
464 895 635 995 praebet,
666 918 788 994 neque
811 898 1028 974 incredibile
1052 901 1203 978 videon

128 1020 213 1095 mas
238 1019 372 1114 viginti
404 1028 564 1115 memor
596 1016 839 1114 rhapsodias,
873 1041 1032 1116 quarum
1056 1035 1203 1097 veteres

129 1140 378 1217 merninerunt
403 1139 456 1238 (v.
482 1137 522 1212 P.
547 1138 594 1211 lb
620 1133 661 1211 C.
678 1135 722 1209 V.
745 1134 777 1236 ξ.
798 1134 862 1233 5.),
887 1140 943 1213 ita
966 1140 1082 1214 brisso
1105 1144 1204 1216 inter

132 1284 175 1335 ae
200 1268 460 1336 oentextas‘nt
483 1269 609 1355 partes
640 1258 751 1330 nnius
782 1261 948 1356 eorporis
980 1281 1062 1334 esse
1086 1283 1204 1361 appa-

130 1392 250 1470 reret,
285 1401 396 1477 quam
422 1375 575 1450 adrem
600 1385 681 1450 tum
706 1377 812 1451 illam
838 1377 1075 1475 Theogoniae
1098 1403 1206 1480 prae-

131 1501 313 1597 fationem
337 1496 566 1593 Δωδεκάτην
599 1496 647 1593 δὴ
681 1494 794 1594 τήνδε
829 1499 948 1598 παραὶ
982 1501 1043 1578 oa‘o
1074 1501 1206 1582 ἔκλυον

132 1617 263 1724 ὀμφήν
291 1624 343 1715 (v.
369 1613 410 1691 C.
436 1614 480 1688 V.
506 1612 540 1713 ξ.
569 1615 619 1714 l.)
643 1626 725 1688 tom
750 1616 847 1690 bano
870 1617 1017 1694 Musaei
1042 1624 1207 1720 appella·

133 1741 278 1815 tionem
321 1733 557 1811 idemtidem
579 1736 781 1833 repetitam
805 1739 852 1832 let
885 1738 1103 1815 Palinodiae
1133 1746 1209 1842 ipsi

132 1860 377 1960 praemissam
416 1867 604 1955 spectasse
644 1854 869 1956 arbinor[³].
920 1858 997 1933 Sed
1027 1862 1109 1956 jam
1140 1863 1208 1937 bo-

133 2002 268 2055 rnneee
306 1977 511 2056 earminmn
549 1976 752 2075 particulas
790 1997 859 2073 per
898 1989 1065 2059 saturam
1103 1981 1209 2057 exbi-

135 2098 244 2178 bobo.
333 2117 335 2124 ’
890 2105 893 2114 ’

207 2302 234 2372 [t
268 2301 351 2358 Simili
373 2300 484 2388 pandam
510 2301 624 2357 artifieio
648 2299 767 2372 auspicor
789 2308 924 2373 poetarum
947 2303 1078 2374 epioornm
1095 2307 1211 2361 wmlna

138 2375 174 2430 ab
190 2372 200 2428 i
272 2380 414 2445 separatam
429 2372 504 2427 edita
518 2390 568 2444 per
585 2372 764 2427 dimoeuaatm
781 2372 815 2427 ad
832 2374 944 2445 aperiam
961 2373 1030 2443 eycli
1047 2376 1170 2447 copulata
1183 2387 1212 2433 et

138 2463 207 2518 quas
224 2445 258 2499 ad
275 2445 465 2499 commissuram
483 2445 630 2498 nanasaria
646 2444 813 2510 riderentur,
839 2444 943 2499 ad'eeta
960 2463 1033 2513 essa,
1050 2447 1212 2520 interpositis

138 2526 189 2571 uno
207 2522 254 2570 aut
270 2515 388 2586 pluribus
405 2515 540 2581 versibus,
559 2515 653 2585 quibus
669 2515 745 2567 unius
762 2523 888 2585 poenisus
905 2516 992 2577 exitus
1010 2516 1118 2571 alterins
1135 2537 1213 2573 exor-

138 2588 182 2645 dio
199 2587 385 2657 adaptaretur,
408 2585 478 2655 qnod
496 2602 573 2657 qaam
590 2585 669 2640 laeils
685 2585 782 2639 Μ
800 2584 895 2651 luerit,
919 2587 1036 2672 exemplo
1054 2588 1168 2644 Timolai
1185 2596 1214 2646 st

140 2657 214 2711 Idaei
238 2654 335 2710 Rhodii
359 2656 494 2721 doeemur,
518 2674 626 2726 quornm
642 2664 753 2725 uterque
770 2655 809 2708 sin
844 2652 880 2708 lis
897 2655 1005 2710 Homeri
1021 2658 1142 2713 versibus
1159 2662 1214 2716 sio·

138 2728 215 2798 gulos
236 2744 299 2781 raes
321 2727 831 2797 subtexuitetquidempartotaml'
868 2727 1131 2797 metonymia,
1155 2751 1214 2785 no-

139 2795 286 2921 pspppiffir
309 2801 403 2867 στίχον
427 2801 519 2867 στίχῳ.
560 2797 653 2850 Iliadis
674 2798 702 2850 in
719 2797 873 2867 quibusdam
889 2798 1079 2869 exemplaribus
1097 2801 1146 2854 boe
1162 2803 1215 2857 luit

139 2886 190 2923 exo
281 2887 290 2920 a
838 2921 842 2937 Ι

235 2956 288 3024 ⁰525
303 2959 372 3033 017²
391 2959 536 3034 ἀμφίεπον
552 2956 643 3048 τάφον
653 2958 796 3084 ‘’Enopor·
815 2951 883 3025 latia
901 2959 926 3015 δ’
942 2959 1068 3035 &apsida

236 3025 334 3105 ’Ἄρηος
350 3028 474 3106 θυγάτηρ
490 3033 680 3104 μεγαλητορος
696 3030 734 3085 ἄν
753 3027 895 3104 ροφόνοιο.
967 3088 970 3094 ,

141 3144 192 3198 qno
215 3124 392 3180 additamento
416 3127 573 3192 Amazonia,
597 3144 665 3195 quae
689 3126 786 3179 Soidas
809 3127 878 3179 inter
894 3126 1003 3181 Homeri
1026 3146 1108 3200 opera
1125 3132 1215 3197 refert,

141 3196 221 3253 lliadi
251 3198 375 3252 subtexta
398 3197 535 3261 videratur,
564 3197 736 3266 similiterque
760 3197 910 3266 Aethiopia,
935 3198 1043 3252 Halosin
1066 3207 1094 3253 et
1118 3209 1215 3269 uetera,

141 3285 210 3339 quae
234 3268 268 3321 ad
293 3267 393 3335 cyclum
418 3268 561 3336 Trojanum
584 3267 723 3337 pertinent
767 3266 889 3321 Getarum
906 3268 1021 3321 arbitror
1038 3287 1130 3324 nomen
1147 3290 1163 3325 e
1181 3273 1216 3326 eli

142 3339 264 3393 bilariam
280 3338 349 3402 diei,
365 3338 460 3423 partin
478 3338 511 3390 de
528 3354 634 3390 numere
651 3337 793 3390 nmmum
810 3336 985 3404 diversorum,
1012 3356 1080 3408 quae
1097 3290 1217 3396 almilltu-

142 3409 203 3462 dine
228 3415 374 3477 argumenti
400 3407 585 3476 quodammodo
611 3412 785 3476 congruerent
809 3424 858 3461 nec
880 3412 967 3462 tamen
984 3408 1011 3460 in
1028 3428 1105 3465 unum
1123 3430 1217 3483 corpus

142 3480 228 3532 relata
250 3487 352 3543 essent,
376 3478 444 3531 aiam
467 3478 545 3533 bodie
569 3478 713 3548 scriptores
737 3494 823 3531 rerum
848 3479 1032 3547 inguarum,
1056 3481 1217 3549 Italicarum,

142 3549 323 3604 Poloaiearem
340 3548 458 3619 plerique
474 3549 613 3619 separatim
630 3556 737 3613 extenta
754 3549 850 3618 partim
867 3548 901 3602 da
916 3549 1051 3620 complexu
1066 3560 1093 3605 et
1105 3553 1218 3607 eolleetu

144 3627 273 3673 sertorum
297 3620 436 3673 terminum
462 3635 529 3687 qnae
550 3636 567 3671 a
586 3619 756 3673 dimeenastia
773 3616 800 3671 in
817 3636 894 3672 unum
910 3619 1030 3673 volumen
1047 3620 1219 3692 transscripta

144 3696 225 3760 atque
248 3691 288 3744 ita
311 3689 364 3743 sibi
386 3689 580 3743 aooommodata
596 3696 698 3755 meent,
717 3697 748 3742 ut
763 3689 856 3743 seriem
874 3691 1001 3760 quandam
1018 3691 1143 3745 historiae
1160 3694 1219 3747 effi-

145 3766 252 3827 oerent,
280 3759 393 3825 additis,
411 3776 478 3829 quae
495 3759 530 3812 ad
546 3758 724 3829 integritatem
742 3761 900 3814 narrationis
917 3760 1051 3826 deessent,
1069 3763 1219 3817 bonuariis·

144 3847 196 3952 pne
212 3831 317 3895 rosiris,
343 3829 414 3900 quod
430 3831 457 3884 in
473 3829 519 3884 illa
537 3831 668 3883 scribendi
686 3847 799 3899 genere,
824 3848 875 3902 qno
894 3831 997 3900 Cyeliei
1013 3832 1053 3884 asi
1070 3840 1146 3898 sunt,
1163 3834 1219 3887 siue

163 3900 224 3963 abio
242 3900 366 3955 facillime
382 3900 454 3954 effici
478 3908 600 3970 poterat.-
633 3900 746 3955 Praeter
767 3901 839 3955 illum
862 3908 949 3955 antem
971 3900 1152 3970 imaginarium
1174 3921 1220 3973 ey·

145 3970 213 4025 olum
230 3978 258 4025 et
274 3972 351 4036 buna,
369 3971 413 4040 qni
430 3987 479 4042 pro
497 3972 626 4039 cujusque
640 3970 724 4042 copiis
740 3972 816 4025 modo
832 3972 909 4042 plura
925 3971 1001 4025 modo
1017 3972 1142 4041 pausiam
1159 3990 1219 4027 oar·

111 4110 115 4115 ,
145 4041 213 4095 mina
230 4041 395 4107 eondnebat,
412 4040 516 4108 tertius,
533 4048 564 4093 nt
581 4040 687 4111 opinor,
706 4042 758 4096 luit
776 4040 799 4095 is
816 4043 891 4111 enjus
908 4048 1000 4097 auctor
1016 4041 1151 4097 ferebatur
1163 4043 1219 4098 Ho-

753 4131 1018 4211 .‚27
