2909 4825
541 262 818 320 orrares.
1140 248 1276 340 421⁶„

141 430 227 502 oete
260 420 362 495 vim
397 419 565 518 negotia,
615 435 711 516 puae
750 421 985 517 parquinu
1014 420 1216 511 blesim·

140 551 256 638 quote
285 560 374 638 pars
405 549 494 614 runt
525 539 719 638 materiae
736 536 786 612 ad
818 538 1063 616 uacmndum'
1077 551 1215 641 propo·
1259 569 1264 574 ·
1417 563 1420 567 ·

139 658 259 734 situel
310 658 379 732 llle
405 656 665 750 tantummodo
692 656 740 732 de
765 659 876 734 lernae
908 684 992 736 cum
1019 659 1214 736 dodecate-

139 779 271 856 mon'is
296 801 494 875 confflem
517 781 612 876 agit3
648 775 696 851 de
721 776 922 854 duodecim
954 782 1121 857 loconun
1146 803 1215 881 po-

140 897 348 988 testatibus,
375 897 422 973 de
448 897 684 998 adspectibus
709 920 777 972 seu
801 899 1074 977 radiationibus
1090 902 1213 977 stella·

139 1043 243 1109 rum,
279 1017 327 1092 de
363 1021 535 1124 trigonis,
575 1017 786 1118 quadratis,
821 1019 1013 1099 diametris
1049 1033 1089 1098 et
1120 1019 1213 1123 quo-

138 1139 255 1214 modo
282 1162 350 1238 pro
376 1141 521 1214 ratione
537 1141 712 1237 cujusque
731 1144 922 1236 geniturae
946 1146 1022 1218 sint
1047 1141 1215 1240 eligenda

140 1261 276 1336 idonea
301 1271 473 1358 tempora
497 1262 704 1351 achonum,
744 1260 792 1335 dc
824 1263 883 1338 his
914 1266 1027 1361 igitur
1060 1276 1098 1339 et
1128 1262 1214 1338 aliis

138 1382 250 1457 rebus
284 1401 375 1479 quas
410 1379 523 1456 Zabel
557 1392 595 1454 et
628 1383 739 1454 ceteri
776 1393 946 1459 auctores
981 1383 1028 1458 de
1052 1383 1214 1457 Electio-

138 1503 249 1577 nibus
275 1511 452 1597 tractant,
486 1501 632 1574 nullum
665 1501 822 1577 verbum
855 1504 1007 1601 legitur3
1045 1505 1134 1603 quin
1165 1525 1213 1576 ne

140 1625 250 1698 lunae
281 1620 431 1720 quidem
464 1621 514 1696 ad
546 1623 708 1720 reliquos
740 1623 909 1722 planetas
943 1626 1212 1725 applicationes

140 1740 387 1854 enarrat,·de
404 1741 537 1841 quibus
550 1743 735 1817 Firminus
760 1746 953 1845 inprimis
978 1746 1066 1821 libri
1091 1746 1213 1846 quarti

139 1863 322 1965 capitibus
355 1863 474 1937 nasuta
507 1862 640 1956 tradit3
679 1887 751 1962 quo
783 1867 905 1962 major
943 1880 1001 1941 est
1022 1865 1212 1966 suspicio,

138 1988 333 2061 minimam
358 1986 475 2058 totius
502 1987 626 2082 operis
651 1998 797 2083 partem
825 1985 874 2060 ad
898 1999 1027 2061 nostra
1041 1997 1213 2085 tempore

140 2119 328 2182 servatum
354 2127 446 2179 esse.
490 2103 615 2194 Quae
641 2128 755 2203 quum
779 2110 837 2180 ita
861 2110 953 2197 sint,
987 2128 1064 2179 non
1096 2109 1212 2179 miror

140 2225 240 2326 qnod
265 2226 503 2300 Hermamrus
533 2228 576 2298 in
600 2226 718 2299 Praei.
755 2251 793 2325 p.
819 2226 916 2300 v111.
949 2227 1081 2300 Lennii
1106 2248 1212 2322 argu·

139 2341 276 2424 mentis
307 2343 444 2421 adduci
476 2369 517 2420 se
548 2356 677 2442 negat,
712 2356 756 2421 ut
788 2369 936 2422 carmen
962 2346 1113 2446 Orpheo
1145 2344 1211 2420 ad·

80 2459 82 2462 ’
139 2469 319 2566 scriptum
345 2466 393 2541 ab
419 2490 485 2558 eo,
510 2466 612 2566 quod
635 2467 823 2543 Maximus
849 2467 986 2559 edidit,
1021 2466 1211 2543 diversum
1367 2465 1372 2471 ’

138 2600 255 2688 putet
307 2585 383 2661 Sed
423 2598 627 2686 suppetunt
665 2589 762 2663 aliae
801 2590 991 2685 graviores
1036 2589 1211 2663 rationes.

138 2710 305 2783 Primum
339 2707 573 2802 'l'yrwhittus
605 2711 729 2807 ponit,
766 2712 865 2784 inter
902 2711 1011 2785 varia
1044 2707 1211 2784 diverso-

138 2852 224 2905 rum
250 2840 443 2903 auctorum
470 2828 648 2927 opuscula
673 2829 806 2905 eodem
825 2831 1019 2907 volumine
1044 2850 1211 2925 compre-

137 2952 255 3026 hensa
294 2949 502 3048 principem
540 2949 666 3022 locum
706 2973 906 3050 occupasse
943 2946 1211 3059 Ephcmepidcs

140 3071 281 3169 Orphei
305 3070 456 3142 nomine
481 3069 675 3165 insignitas
702 3083 741 3144 et
765 3078 812 3144 elr
837 3094 883 3145 eo
905 3069 1128 3161 lactearum
1154 3091 1210 3140 cr-

137 3213 263 3267 rorem
287 3200 436 3278 natum,
468 3198 513 3261 ut
536 3189 693 3263 Maximi
718 3212 866 3266 carmen
890 3191 949 3264 his
974 3190 1211 3285 subjunctum

140 3312 290 3410 Orpheo
316 3309 537 3399 tribuerem,
564 3311 669 3405 cujus
693 3332 832 3384 nomen
856 3314 896 3384 in
921 3310 1130 3408 protocollo
1154 3310 1210 3381 in·
1277 3368 1280 3373 ,

137 3433 336 3508 venissent
395 3428 473 3504 Nos
504 3452 619 3521 vero,
658 3433 741 3506 sive
773 3430 955 3507 Hesiodei
987 3431 1111 3528 operis
1146 3428 1209 3503 de·

138 3553 377 3651 scriptionem
418 3551 693 3627 consideramus
734 3552 781 3626 ab
820 3551 1072 3626 imitatoribus
1108 3547 1210 3623 haud
1269 3627 1273 3634 ,

139 3672 253 3747 dubie
278 3683 483 3764 servatam,
522 3676 603 3748 sive
628 3672 889 3772 Epherneridis
914 3674 1034 3772 ipsius
1058 3672 1208 3744 initium

139 3792 262 3872 Heia?
289 3788 398 3889 ἐδάης
423 3838 474 3849 --
507 3817 581 3891 quo
609 3795 712 3869 velut
737 3794 943 3892 colophone
969 3791 1099 3867 addito
1125 3789 1207 3864 Mu-

138 3916 217 3987 saei
233 3915 428 3987 institutio
454 3928 748 4006 consummatur,
782 3914 921 4013 Orphei
943 3914 1100 4011 Ἠμέρας
1127 3910 1206 4005 ejus

141 4037 285 4141 Ἔργοις
316 4034 498 4130 subjectas
531 4037 801 4135 potiusquam
832 4035 1057 4134 praemissas
1092 4030 1207 4106 fuisse
