2909 4825
246 228 323 302 202
607 238 751 293 LIBER
776 240 965 295 PRIMUS.

245 399 473 499 reipublicae
509 418 562 473 ex
587 399 733 493 legent
760 398 893 475 ordine
917 398 1022 499 apud
1048 420 1133 473 eras
1160 412 1199 471 et
1223 398 1327 473 delu-

128 586 137 605 .
245 522 313 597 bra
339 519 494 593 deomm
511 519 695 611 ·flebant;·
714 521 893 619 profana,
932 543 1028 619 quae
1060 543 1131 618 per
1163 522 1326 597 occasio.
1426 558 1428 575 ,

244 643 477 718 amiatae
510 640 684 719 Homnae
717 640 950 719 audebantur
983 665 1008 717 a
1039 641 1213 737 singulm
1251 662 1325 738 quo

244 765 433 863 pertinent
464 762 533 835 illa
558 784 768 838 mnrrmmn
793 784 954 862 pompas
980 763 1243 839 comitantium
1269 761 1325 835 di-

245 886 359 959 eteria
385 896 423 977 et
446 880 628 961 esocen
649 897 774 978 geras
800 884 1004 983 turbaeque
1030 885 1148 959 raons
1171 882 1326 983 perfun-

245 1020 326 1080 ctae
348 1002 531 1094 ludibria,
573 1002 783 1103 dequibus
817 1006 892 1081 alio
918 1007 1002 1081 loeo
1028 1004 1153 1079 dicero
1184 1025 1324 1102 propo-

243 1130 359 1202 situm
385 1137 454 1199 est.
503 1122 591 1200 lam
622 1128 674 1201 si,
691 1114 909 1201 clerieorsun
945 1127 1111 1203 occultae
1135 1124 1324 1214 libidines,

243 1248 484 1325 silaicorum
511 1269 581 1345 per
605 1245 687 1323 dies
712 1248 830 1323 festos
856 1247 1135 1335 bacchationes,
1168 1246 1202 1321 si
1228 1268 1325 1343 quae

242 1368 497 1467 perditissima
521 1379 560 1440 et
583 1370 712 1445 mfima
736 1369 823 1445 faex
842 1368 975 1469 populi
998 1365 1152 1467 tenrplis
1178 1388 1325 1462 egressa

241 1493 283 1563 in
305 1492 460 1587 popinis
485 1501 525 1561 et
548 1492 675 1585 ganeis
702 1491 797 1585 agit,
837 1512 885 1563 ea
916 1491 1043 1569 omnia
1072 1490 1107 1563 si
1143 1486 1194 1563 ad
1228 1488 1324 1563 chri-

241 1613 402 1685 stianam
427 1610 645 1704 religionem
670 1612 861 1708 pertineat
891 1612 981 1709 quia
1012 1624 1182 1708 tempore
1216 1629 1321 1683 sacro

241 1734 356 1822 fiunt,
395 1743 477 1804 tum
519 1727 680 1827 demque
721 1729 923 1807 concedam
955 1730 1004 1807 de
1035 1729 1320 1807 Atheniensium

242 1854 356 1926 saeris
382 1852 654 1946 augustissimis
680 1852 809 1931 valere
840 1872 936 1951 quae
967 1853 1167 1949 scriptores
1193 1849 1321 1923 Eccle-

168 2068 171 2073 =
242 1973 383 2049 siastiei
409 1972 594 2047 ennunati
618 1983 716 2049 sunt
769 1972 983 2070 Sanequam
996 1970 1177 2047 credibile
1195 1981 1255 2043 est
1279 1972 1321 2043 in

241 2106 346 2169 tanto
371 2092 568 2176 hominum
594 2096 781 2169 conventri
813 2106 965 2189 tamque
998 2091 1114 2165 etima
1150 2092 1320 2169 omnium

240 2218 385 2291 laetitia
415 2213 536 2288 multa
569 2225 697 2289 eontm
726 2214 785 2289 faa
819 2223 1019 2311 contraque
1043 2210 1163 2289 bonos
1194 2233 1319 2285 mores

240 2339 340 2411 faeta
374 2356 474 2425 esse,
513 2357 608 2433 quae
643 2337 857 2408 etiamnunc
886 2335 983 2409 fiunt
1015 2335 1235 2431 praesertim
1277 2335 1319 2406 in

242 2457 517 2532 Catholieorum
541 2458 667 2530 missis
693 2456 881 2529 nocturnis
903 2466 943 2528 et
960 2452 1318 2554 peregrinationibus
1387 2480 1389 2492 a

241 2579 423 2672 religiosis
457 2579 676 2652 catervatim
709 2578 890 2674 susceptis
900 2570 956 2677 [Ἲ.
1009 2574 1086 2650 Sed
1123 2577 1165 2650 in
1202 2576 1318 2648 saeris

241 2699 348 2796 ipsis,
372 2700 414 2774 in
440 2687 639 2795 conspeetu
654 2718 884 2773 summorum
910 2699 1206 2793 magistratuum,
1232 2706 1319 2769 ante
1351 2689 1352 2692 ‘

242 2819 369 2893 oerdos
397 2816 583 2908 Cimonis,
615 2819 804 2909 Platonis,
840 2817 1049 2908 Cleanthis,
1074 2818 1235 2913 Lycurgi
1259 2818 1317 2894 vi·

238 2963 301 3015 ros
327 2940 564 3038 feminasque
588 2938 809 3038 pudicitiam
841 2964 952 3015 suam
977 2942 1236 3039 prostituisse,
1268 2962 1317 3014 ne

242 3073 389 3135 eentum
416 3059 566 3161 quidem
593 3061 805 3157 Presbyteri
830 3063 939 3137 nobis
964 3060 1249 3159 persuadebunt
1312 3107 1314 3110 -

311 3209 349 3284 [l]
368 3214 400 3268 In
418 3214 528 3267 Caecilii
543 3214 635 3267 fabula
652 3213 746 3268 'l'ittbe
763 3214 808 3267 Fr.
827 3216 849 3268 t
867 3233 927 3285 per
944 3216 1117 3284 mysteria
1141 3216 1199 3268 bic
1220 3214 1316 3267 inbo-

238 3289 339 3338 neate
364 3303 434 3340 earn
459 3285 665 3355 gravidavit
691 3287 836 3356 probro,
862 3287 964 3340 Nonius
980 3286 1090 3339 verbmn
1107 3286 1316 3355 gravidavit

240 3356 326 3408 nescio
352 3373 385 3408 an
410 3374 546 3426 perperam
562 3355 752 3426 interpretatur
768 3357 938 3426 implevit.
973 3355 1313 3409 Plaut.Autm.Pr01.36.

237 3426 338 3480 illam
355 3429 536 3496 stupravit
553 3426 695 3481 Cereris
712 3429 861 3497 vigiliis
880 3428 931 3481 His
947 3428 1052 3497 probris
1068 3429 1125 3480 aine
1138 3427 1219 3480 dubio
1233 3428 1314 3480 Eleo-

237 3497 305 3550 sinia
321 3515 372 3549 nen
390 3514 512 3563 caruere,
535 3499 629 3567 quibus
653 3499 832 3553 meretriculas
856 3499 962 3551 affuisse
986 3505 1061 3568 patet
1077 3517 1111 3551 ex
1127 3499 1243 3568 Alcipbr.
1262 3499 1313 3569 Ep.

237 3569 344 3637 Fregrn
359 3568 407 3621 IV.
426 3575 454 3620 et
470 3569 564 3621 Athen.
581 3569 658 3623 XIII.
676 3569 736 3623 591.
755 3571 787 3624 Il.
829 3570 990 3622 Themistina
1008 3569 1104 3638 aliquia
1120 3578 1204 3623 morte
1220 3569 1314 3623 molta-

236 3646 280 3694 tur
305 3640 374 3710 quod
399 3638 583 3694 citharistriam
607 3640 736 3694 Rhodiam
760 3640 854 3713 ὕβρισε
878 3647 934 3702 τοῖς
953 3639 1126 3701 Ἐλευσινίοις
1148 3640 1272 3694 Dinarcb.
1290 3660 1313 3692 c.

236 3711 310 3764 Dete.
328 3729 354 3780 p.
371 3707 414 3762 93.
433 3712 463 3765 lv
477 3708 607 3768 Ἐλευσῖνι
662 3710 694 3766 τὰ
711 3710 745 3766 rb
761 3708 896 3783 μυστήρια
913 3715 959 3779 τῆς
975 3708 1153 3784 πανηγύρεως
1175 3710 1211 3766 rix
1233 3706 1314 3773 ιιζσύ-

236 3798 286 3851 σης
301 3782 371 3835 Plnt
390 3781 410 3832 S
429 3799 481 3867 inp·
499 3783 535 3836 Π.
552 3786 579 3837 2.
597 3784 640 3835 7.
665 3784 760 3868 lisque
776 3789 864 3867 tamen
880 3783 967 3837 Bakie
983 3783 1111 3837 assentior
1129 3783 1163 3836 ad
1182 3783 1313 3836 Ceomed.

236 3851 860 3995 Ῑέιιῖῗῗιιιι.θῗῧῗιὲῗᾞζιῗωαὲῗῗῖοιῗωᾞι
871 3854 986 3980 {miii
995 3873 1047 3979 ab}
1060 3854 1122 3979 bii
1132 3852 1260 3996 ,leid
1273 3859 1314 3977 tif

237 4003 279 4047 ter
302 3995 423 4048 mulieres
447 3998 550 4050 Atticas
573 4013 624 4049 non
650 3995 708 4067 plus
733 3995 827 4048 iecisse
853 3997 962 4066 probat,
987 4013 1064 4066 quam
1090 3998 1159 4065 quod
1176 3994 1253 4050 bodie
1272 3998 1312 4050 ia-

238 4065 310 4118 ciunt
327 4065 419 4120 diebus
435 4067 605 4131 solemnibus,
624 4072 790 4140 spectant
806 4073 1014 4138 spectentur
1031 4075 1069 4121 ut
1085 4068 1190 4140 ipsae.
