2909 4825
247 227 301 303 Μ
422 305 429 320 ,
606 245 965 304 urrannrnrruus.
1056 207 1058 211 ’
1153 281 1158 290 .

248 409 323 482 θεν
348 403 425 480 ἀλλ’
452 443 504 459 -
531 403 573 477 Τ.
599 403 717 480 XVII.
748 407 831 482 132.
847 406 1080 506 'Nequehor
1111 404 1323 504 bisterque

248 524 337 597 iecit
367 521 437 596 sed
461 522 541 597 fere
566 526 739 604 omnibus
764 517 856 602 loeis
881 528 998 603 verba
1022 525 1072 600 ad
1096 526 1325 602 intelleetrun

244 646 454 720 ¹sententiae
485 650 904 737 neeessaria·reseeuit,
923 648 1060 732 aliena
1084 659 1123 719 et
1146 668 1325 743 superva-

202 861 205 868 γ
249 781 364 842 ennea
395 763 561 856 addidit,
598 769 704 867 quasi
736 792 784 841 ex
813 769 907 867 ipsis
933 765 1091 842 oraculis
1117 763 1325 864 depromta,

249 896 289 964 et
318 907 454 987 nequo·
471 888 681 978 mendosis,
714 912 810 987 quae
841 888 1096 976 multarunt,
1129 889 1324 964 eorrectio

248 1027 336 1082 nern
375 1005 566 1098 adhibuit,
607 1032 726 1107 neque
769 1008 935 1084 obscuris
967 1007 1324 1105 interpretationem,

246 1128 322 1201 nisi
345 1127 452 1202 illam
477 1129 721 1206 Rufiniauarn.
774 1125 879 1218 Quae
904 1128 970 1202 ille
996 1129 1123 1204 omnia
1146 1129 1228 1204 sine
1255 1126 1325 1204 du·

247 1245 311 1322 bio
337 1248 437 1346 levia
462 1246 636 1326 duaetet
659 1247 885 1343 ignoscenda
908 1247 1123 1322 hominibus
1147 1250 1204 1328 in,
1217 1247 1325 1320 altie

246 1390 333 1442 rum
363 1390 488 1444 rerum
521 1371 746 1464 cogitatione
779 1367 909 1443 defixis
942 1371 1074 1468 (very
1099 1366 1321 1466 parduna

246 1489 324 1564 lrle
362 1491 555 1564 iumen
581 1489 699 1563 -svho
743 1512 823 1564 are
861 1492 909 1563 in
950 1491 1137 1586 pursuit
1168 1488 1219 1561 of
1246 1488 1324 1562 the

247 1621 368 1685 most
391 1610 659 1707 important
685 1610 838 1682 truths
861 1608 903 1682 Τ.
929 1607 1033 1683 XXI.
1058 1609 1157 1703 117.)
1184 1607 1324 1684 Verurn

183 1825 190 1829 „
246 1733 451 1820 animvm,
477 1752 508 1804 o.
527 1728 633 1808 boni!
657 1732 707 1806 τὰ
733 1730 849 1831 μικρὰ
871 1734 1054 1829 μυεῖσθαι
1071 1730 1143 1830 πρὸ
1160 1739 1241 1806 τῶν
1256 1757 1323 1829 με·

245 1852 387 1959 yoitwr,
413 1852 481 1924 sie
506 1850 705 1942 mystica
730 1849 805 1923 lex
831 1858 914 1938 est,
938 1873 1058 1948 neque
1083 1871 1216 1945 magna
1236 1871 1325 1947 pro·

245 1973 364 2048 lassos
389 1992 509 2069 parua
524 1980 564 2043 et
579 1969 739 2067 puerilia
757 1971 898 2043 nescire
915 1969 1030 2054 daea.
1130 2038 1132 2042 .
1409 2066 1411 2068 Ι

347 2091 493 2166 Vellem
514 2089 686 2187 equideiu
712 2091 782 2165 hae
807 2104 915 2190 parte
927 2090 1205 2187 disputationis,
1230 2109 1324 2187 quae

246 2218 286 2289 ln
319 2207 479 2288 alioruin
511 2210 798 2309 reprehensione
831 2223 1023 2285 consumta
1043 2222 1123 2301 est,
1154 2189 1324 2309 superse·

250 2335 335 2433 lere
360 2333 605 2432 parassem...
631 2330 708 2406 Sed
734 2333 901 2429 quaestio
927 2334 1028 2433 ipsa,
1063 2336 1241 2430 iniquam
1258 2333 1324 2404 in·

250 2457 363 2552 pessi
386 2472 529 2542 sumus,
545 2464 689 2529 natura
713 2475 781 2526 sua
808 2475 891 2529 oum
917 2475 971 2526 ea:
989 2468 1112 2526 eausa·
1129 2452 1325 2546 eoniunota

176 2578 186 2593 '
248 2588 322 2666 est',
349 2574 458 2669 eujus
474 2575 548 2651 illi
579 2575 828 2672 patrocinium
861 2585 1110 2673 susceperunt.
1159 2573 1323 2649 Etenim

249 2694 295 2771 sle
320 2697 583 2789 mysteriorum
609 2714 742 2788 genere
767 2696 978 2790 quaerimus
1004 2716 1049 2767 eo
1075 2692 1178 2790 quod
1198 2716 1224 2767 a
1241 2693 1323 2769 Pb

249 2817 394 2893 tonistis
428 2817 708 2901 auctoritatem,
740 2836 766 2887 a
798 2811 993 2889 Chaldaeis
1018 2815 1188 2909 ,speeiem
1214 2812 1323 2887 dira«

96 2973 98 2977 ·
249 2937 372 3035 plinae
405 2939 564 3037 aceepit,
603 2954 761 3032 quorum
785 2932 871 3005 illos
896 2934 1107 3007 Platonicae
1132 2934 1324 3009 doetrinae

249 3059 469 3157 interpretes
493 3057 800 3154 perieotissimos‚
825 3052 894 3127 lros
919 3056 1038 3153 ipsius
1063 3054 1230 3129 Platonis
1251 3052 1322 3127 sio·

133 3174 139 3189 '
250 3190 367 3253 oteres
406 3177 522 3253 illisae
550 3165 767 3269 asylorusg
806 3176 957 3271 eJ'usque
996 3184 1194 3248 seotatares
1208 3238 1212 3245 ,
1226 3171 1323 3247 affir-

242 3310 363 3372 ment
409 3297 551 3373 Contra
575 3318 669 3394 quos
693 3318 771 3369 non
796 3293 881 3391 plus
908 3293 1029 3368 diram
1055 3316 1166 3393 quem
1191 3292 1241 3367 ad
1265 3296 1319 3367 in·

249 3422 417 3494 stitutum
450 3419 621 3516 pertinet
682 3415 738 3488 Ac
770 3396 936 3514 primum
961 3436 1031 3512 pro
1058 3437 1230 3489 concesso
1256 3438 1323 3493 va·

247 3541 341 3630 leat,
374 3540 554 3632 mysteria
577 3538 669 3625 iste,
701 3558 860 3633 quorum
885 3536 1026 3608 mentio
1053 3538 1173 3609 estin
1199 3536 1323 3610 Plato·

246 3664 414 3735 nieorum
438 3659 598 3755 scriptis,
624 3658 804 3753 privatim
831 3654 1015 3729 celebrata
1040 3677 1121 3727 esse
1140 3668 1179 3730 et
1197 3659 1238 3729 in
1257 3679 1322 3728 an·

248 3782 352 3878 gulis.
418 3775 533 3872 Cujus
574 3778 716 3871 generis
750 3798 854 3849 sacra
886 3787 974 3873 post
1006 3778 1154 3874 imperii
1185 3776 1323 3847 Persici

187 3982 190 3987 ,
247 3918 418 3975 ooeasurrr
452 3910 490 3968 et
521 3897 638 3969 multo
671 3898 789 3991 magis
822 3895 891 3970 sub
923 3896 1175 3969 Romanorum
1200 3893 1321 3967 domi-

173 4010 185 4027 *
247 4032 336 4095 natu
367 4021 408 4091 in
440 4016 520 4091 dies
545 4017 655 4115 plura
678 4019 868 4093 insinuata
892 4031 996 4107 sunt,
1028 4014 1238 4091 auctoribus
1265 4012 1320 4088 (Ιί-
1385 4056 1395 4086 .
