<?xml version="1.0" encoding="UTF-8"?>
<!DOCTYPE html PUBLIC "-//W3C//DTD XHTML 1.0 Transitional//EN"
    "http://www.w3.org/TR/xhtml1/DTD/xhtml1-transitional.dtd">
<html xmlns="http://www.w3.org/1999/xhtml" xml:lang="en" lang="en">
 <head>
  <title>
</title>
<meta http-equiv="Content-Type" content="text/html;charset=utf-8" />
  <meta name='ocr-system' content='tesseract 3.04.00' />
  <meta name='ocr-capabilities' content='ocr_page ocr_carea ocr_par ocr_line ocrx_word'/>
</head>
<body>
  <div class='ocr_page' id='page_1' title='image "aglaophamussive04lobegoog_0083.png"; bbox 0 0 2909 4825; ppageno 0'>
   <div class='ocr_carea' id='block_1_1' title="bbox 485 195 1198 288">
    <p class='ocr_par' dir='ltr' id='par_1_1' title="bbox 485 195 1198 288">
     <span class='ocr_line' id='line_1_1' title="bbox 485 195 1198 288; baseline 0.003 -20"><span class='ocrx_word' id='word_1_1' title='bbox 485 211 833 269; x_wconf 71' lang='lat' dir='ltr'><strong>annuens-re</strong></span> <span class='ocrx_word' id='word_1_2' title='bbox 997 209 1001 218; x_wconf 74' lang='grc'><em>’</em></span> <span class='ocrx_word' id='word_1_3' title='bbox 1141 195 1198 288; x_wconf 43' lang='grc'><strong>,73</strong></span> 
     </span>
    </p>
   </div>
   <div class='ocr_carea' id='block_1_2' title="bbox 126 333 1256 585">
    <p class='ocr_par' dir='ltr' id='par_1_2' title="bbox 126 333 1256 585">
     <span class='ocr_line' id='line_1_2' title="bbox 126 333 1256 474; baseline -0.003 -28"><span class='ocrx_word' id='word_1_4' title='bbox 126 372 284 447; x_wconf 80' lang='lat' dir='ltr'><strong>Axloole</strong></span> <span class='ocrx_word' id='word_1_5' title='bbox 307 396 345 472; x_wconf 89' lang='lat' dir='ltr'><strong>p.</strong></span> <span class='ocrx_word' id='word_1_6' title='bbox 371 372 457 447; x_wconf 76' lang='lat'><strong>371.</strong></span> <span class='ocrx_word' id='word_1_7' title='bbox 483 375 531 449; x_wconf 89' lang='lat' dir='ltr'><strong>D.</strong></span> <span class='ocrx_word' id='word_1_8' title='bbox 563 376 718 451; x_wconf 87' lang='lat' dir='ltr'><strong>initiatis</strong></span> <span class='ocrx_word' id='word_1_9' title='bbox 751 373 958 474; x_wconf 82' lang='lat' dir='ltr'><strong>promittit,</strong></span> <span class='ocrx_word' id='word_1_10' title='bbox 991 391 1087 470; x_wconf 85' lang='lat' dir='ltr'><strong>qnae</strong></span> <span class='ocrx_word' id='word_1_11' title='bbox 1110 392 1201 470; x_wconf 81' lang='lat' dir='ltr'><strong>poe·</strong></span> <span class='ocrx_word' id='word_1_12' title='bbox 1251 333 1256 358; x_wconf 48' lang='grc'><em>’</em></span> 
     </span>
     <span class='ocr_line' id='line_1_3' title="bbox 128 487 1201 585; baseline -0.002 -18"><span class='ocrx_word' id='word_1_13' title='bbox 128 505 192 567; x_wconf 89' lang='lat' dir='ltr'><strong>tae</strong></span> <span class='ocrx_word' id='word_1_14' title='bbox 224 491 437 585; x_wconf 84' lang='lat' dir='ltr'><strong>decantant,</strong></span> <span class='ocrx_word' id='word_1_15' title='bbox 469 487 749 571; x_wconf 78' lang='lat' dir='ltr'><strong>amoenissimas</strong></span> <span class='ocrx_word' id='word_1_16' title='bbox 773 497 813 570; x_wconf 89' lang='lat' dir='ltr'><strong>in</strong></span> <span class='ocrx_word' id='word_1_17' title='bbox 840 495 937 570; x_wconf 85' lang='lat' dir='ltr'><strong>Oreo</strong></span> <span class='ocrx_word' id='word_1_18' title='bbox 963 490 1089 581; x_wconf 86' lang='lat' dir='ltr'><strong>sedes,</strong></span> <span class='ocrx_word' id='word_1_19' title='bbox 1115 514 1201 566; x_wconf 89' lang='lat' dir='ltr'><strong>can·</strong></span> 
     </span>
    </p>
   </div>
   <div class='ocr_carea' id='block_1_3' title="bbox 128 610 1311 711">
    <p class='ocr_par' dir='ltr' id='par_1_3' title="bbox 128 610 1311 711">
     <span class='ocr_line' id='line_1_4' title="bbox 128 610 1311 711; baseline -0.005 -23"><span class='ocrx_word' id='word_1_20' title='bbox 128 627 205 703; x_wconf 87' lang='lat' dir='ltr'><strong>tus,</strong></span> <span class='ocrx_word' id='word_1_21' title='bbox 239 617 413 691; x_wconf 67' lang='lat' dir='ltr'><strong>conuiuia</strong></span> <span class='ocrx_word' id='word_1_22' title='bbox 445 628 483 690; x_wconf 90' lang='lat' dir='ltr'><strong>et</strong></span> <span class='ocrx_word' id='word_1_23' title='bbox 514 628 635 692; x_wconf 87' lang='lat' dir='ltr'><strong>cetera</strong></span> <span class='ocrx_word' id='word_1_24' title='bbox 660 617 780 691; x_wconf 85' lang='lat' dir='ltr'><strong>beata</strong></span> <span class='ocrx_word' id='word_1_25' title='bbox 832 615 953 691; x_wconf 80' lang='lat' dir='ltr'><strong>Schol.</strong></span> <span class='ocrx_word' id='word_1_26' title='bbox 984 610 1137 688; x_wconf 84' lang='lat' dir='ltr'><strong>Aristld.</strong></span> <span class='ocrx_word' id='word_1_27' title='bbox 1163 635 1200 711; x_wconf 89' lang='lat' dir='ltr'><strong>p.</strong></span> <span class='ocrx_word' id='word_1_28' title='bbox 1307 651 1311 658; x_wconf 95' lang='lat'><em>-</em></span> 
     </span>
    </p>
   </div>
   <div class='ocr_carea' id='block_1_4' title="bbox 126 733 1206 1326">
    <p class='ocr_par' dir='ltr' id='par_1_4' title="bbox 126 733 1206 1326">
     <span class='ocr_line' id='line_1_5' title="bbox 130 733 1201 840; baseline 0.003 -32"><span class='ocrx_word' id='word_1_29' title='bbox 130 735 222 809; x_wconf 87' lang='lat'>101.</span> <span class='ocrx_word' id='word_1_30' title='bbox 249 738 398 840; x_wconf 71' lang='grc' dir='ltr'><em>Ἔλεγον</em></span> <span class='ocrx_word' id='word_1_31' title='bbox 431 738 466 813; x_wconf 84' lang='grc' dir='ltr'><strong>οἱ</strong></span> <span class='ocrx_word' id='word_1_32' title='bbox 486 735 654 835; x_wconf 77' lang='grc' dir='ltr'><em>Ἕλληνες</em></span> <span class='ocrx_word' id='word_1_33' title='bbox 680 739 732 824; x_wconf 80' lang='grc' dir='ltr'><strong>ὠς</strong></span> <span class='ocrx_word' id='word_1_34' title='bbox 757 740 794 815; x_wconf 84' lang='grc' dir='ltr'><strong>οἱ</strong></span> <span class='ocrx_word' id='word_1_35' title='bbox 817 738 866 814; x_wconf 73' lang='grc' dir='ltr'><strong>τὰ</strong></span> <span class='ocrx_word' id='word_1_36' title='bbox 890 733 1079 838; x_wconf 81' lang='grc' dir='ltr'><strong><em>μυστήρια</em></strong></span> <span class='ocrx_word' id='word_1_37' title='bbox 1104 763 1201 834; x_wconf 82' lang='grc' dir='ltr'><em>μνη-</em></span> 
     </span>
     <span class='ocr_line' id='line_1_6' title="bbox 127 851 1202 959; baseline -0.002 -26"><span class='ocrx_word' id='word_1_38' title='bbox 127 857 264 943; x_wconf 64' lang='lat' dir='ltr'><strong>terme</strong></span> <span class='ocrx_word' id='word_1_39' title='bbox 287 859 466 957; x_wconf 78' lang='grc' dir='ltr'><strong>εὐμενοῦς</strong></span> <span class='ocrx_word' id='word_1_40' title='bbox 490 859 554 935; x_wconf 81' lang='grc' dir='ltr'><strong>καὶ</strong></span> <span class='ocrx_word' id='word_1_41' title='bbox 577 863 662 936; x_wconf 75' lang='grc' dir='ltr'><em>ἵλεω</em></span> <span class='ocrx_word' id='word_1_42' title='bbox 685 868 753 957; x_wconf 80' lang='grc' dir='ltr'><strong>τῆς</strong></span> <span class='ocrx_word' id='word_1_43' title='bbox 777 853 1021 959; x_wconf 67' lang='grc' dir='ltr'><em>Περσεφόνης</em></span> <span class='ocrx_word' id='word_1_44' title='bbox 1046 851 1202 959; x_wconf 70' lang='grc' dir='ltr'><strong>ἐτύγχα-</strong></span> 
     </span>
     <span class='ocr_line' id='line_1_7' title="bbox 127 974 1204 1075; baseline -0.006 -20"><span class='ocrx_word' id='word_1_45' title='bbox 127 1001 203 1055; x_wconf 83' lang='grc' dir='ltr'><strong>νσν</strong></span> <span class='ocrx_word' id='word_1_46' title='bbox 227 988 294 1050; x_wconf 80' lang='lat' dir='ltr'><strong>ete</strong></span> <span class='ocrx_word' id='word_1_47' title='bbox 345 975 527 1075; x_wconf 86' lang='lat' dir='ltr'><strong>Denique,</strong></span> <span class='ocrx_word' id='word_1_48' title='bbox 552 992 596 1053; x_wconf 93' lang='lat' dir='ltr'><strong>ut</strong></span> <span class='ocrx_word' id='word_1_49' title='bbox 618 978 821 1054; x_wconf 78' lang='lat' dir='ltr'><strong>liberaliter</strong></span> <span class='ocrx_word' id='word_1_50' title='bbox 845 1000 966 1075; x_wconf 78' lang='lat' dir='ltr'><strong>agam,</strong></span> <span class='ocrx_word' id='word_1_51' title='bbox 991 974 1204 1050; x_wconf 71' lang='lat' dir='ltr'><strong>sacerdotes</strong></span> 
     </span>
     <span class='ocr_line' id='line_1_8' title="bbox 126 1095 1204 1198; baseline -0.001 -28"><span class='ocrx_word' id='word_1_52' title='bbox 126 1095 318 1171; x_wconf 86' lang='lat' dir='ltr'><strong>interdum</strong></span> <span class='ocrx_word' id='word_1_53' title='bbox 343 1096 483 1194; x_wconf 89' lang='lat' dir='ltr'><strong>aliquid</strong></span> <span class='ocrx_word' id='word_1_54' title='bbox 509 1098 557 1173; x_wconf 93' lang='lat' dir='ltr'><strong>de</strong></span> <span class='ocrx_word' id='word_1_55' title='bbox 577 1099 889 1198; x_wconf 77' lang='lat' dir='ltr'><strong>metempsychosi</strong></span> <span class='ocrx_word' id='word_1_56' title='bbox 903 1097 1041 1172; x_wconf 77' lang='lat' dir='ltr'><strong>dixisse</strong></span> <span class='ocrx_word' id='word_1_57' title='bbox 1057 1096 1204 1191; x_wconf 81' lang='lat' dir='ltr'><strong>largiar,</strong></span> 
     </span>
     <span class='ocr_line' id='line_1_9' title="bbox 128 1214 1206 1326; baseline 0.001 -35"><span class='ocrx_word' id='word_1_58' title='bbox 128 1229 214 1291; x_wconf 86' lang='lat' dir='ltr'><strong>tum</strong></span> <span class='ocrx_word' id='word_1_59' title='bbox 238 1220 326 1315; x_wconf 86' lang='lat' dir='ltr'><strong>quia</strong></span> <span class='ocrx_word' id='word_1_60' title='bbox 351 1214 523 1292; x_wconf 82' lang='lat' dir='ltr'><strong>Clemens</strong></span> <span class='ocrx_word' id='word_1_61' title='bbox 547 1219 615 1294; x_wconf 86' lang='lat' dir='ltr'><strong>illa</strong></span> <span class='ocrx_word' id='word_1_62' title='bbox 638 1219 791 1326; x_wconf 79' lang='lat' dir='ltr'><strong>Pindari</strong></span> <span class='ocrx_word' id='word_1_63' title='bbox 808 1219 925 1295; x_wconf 89' lang='lat' dir='ltr'><strong>verba</strong></span> <span class='ocrx_word' id='word_1_64' title='bbox 939 1216 1206 1313; x_wconf 78' lang='lat' dir='ltr'><strong>Pythagoricae</strong></span> 
     </span>
    </p>
   </div>
   <div class='ocr_carea' id='block_1_5' title="bbox 11 1333 1206 1431">
    <p class='ocr_par' dir='ltr' id='par_1_5' title="bbox 11 1333 1206 1431">
     <span class='ocr_line' id='line_1_10' title="bbox 11 1333 1206 1431; baseline 0 -21"><span class='ocrx_word' id='word_1_65' title='bbox 11 1341 16 1348; x_wconf 84' lang='grc'><em>’</em></span> <span class='ocrx_word' id='word_1_66' title='bbox 128 1338 337 1411; x_wconf 80' lang='lat' dir='ltr'><strong>sententiae</strong></span> <span class='ocrx_word' id='word_1_67' title='bbox 373 1338 576 1431; x_wconf 74' lang='lat' dir='ltr'><strong>subnectit,</strong></span> <span class='ocrx_word' id='word_1_68' title='bbox 615 1351 697 1416; x_wconf 79' lang='lat' dir='ltr'><strong>urm</strong></span> <span class='ocrx_word' id='word_1_69' title='bbox 730 1341 779 1415; x_wconf 91' lang='lat' dir='ltr'><strong>ob</strong></span> <span class='ocrx_word' id='word_1_70' title='bbox 812 1341 979 1415; x_wconf 76' lang='lat' dir='ltr'><strong>Platonis</strong></span> <span class='ocrx_word' id='word_1_71' title='bbox 1008 1333 1135 1414; x_wconf 88' lang='lat' dir='ltr'><strong>locum</strong></span> <span class='ocrx_word' id='word_1_72' title='bbox 1163 1337 1206 1410; x_wconf 90' lang='lat' dir='ltr'><strong>in</strong></span> 
     </span>
    </p>
   </div>
   <div class='ocr_carea' id='block_1_6' title="bbox 129 1458 1304 2768">
    <p class='ocr_par' dir='ltr' id='par_1_6' title="bbox 129 1458 1304 2768">
     <span class='ocr_line' id='line_1_11' title="bbox 129 1458 1206 1566; baseline 0.004 -35"><span class='ocrx_word' id='word_1_73' title='bbox 129 1458 232 1532; x_wconf 83' lang='lat' dir='ltr'><strong>Men.</strong></span> <span class='ocrx_word' id='word_1_74' title='bbox 265 1480 303 1556; x_wconf 89' lang='lat' dir='ltr'><strong>p.</strong></span> <span class='ocrx_word' id='word_1_75' title='bbox 334 1458 396 1533; x_wconf 81' lang='lat'><strong>86.</strong></span> <span class='ocrx_word' id='word_1_76' title='bbox 412 1459 470 1535; x_wconf 76' lang='lat' dir='ltr'><strong>B.</strong></span> <span class='ocrx_word' id='word_1_77' title='bbox 504 1459 647 1561; x_wconf 66' lang='grc' dir='ltr'><em>ἀνήκοα</em></span> <span class='ocrx_word' id='word_1_78' title='bbox 679 1462 837 1566; x_wconf 73' lang='grc' dir='ltr'><em>ἀνδρῶν</em></span> <span class='ocrx_word' id='word_1_79' title='bbox 860 1492 900 1539; x_wconf 87' lang='grc' dir='ltr'><em>τε</em></span> <span class='ocrx_word' id='word_1_80' title='bbox 924 1462 989 1538; x_wconf 79' lang='grc' dir='ltr'><strong>καὶ</strong></span> <span class='ocrx_word' id='word_1_81' title='bbox 1003 1464 1206 1566; x_wconf 71' lang='grc' dir='ltr'><em>’γυναικῶν</em></span> 
     </span>
     <span class='ocr_line' id='line_1_12' title="bbox 131 1580 1206 1686; baseline -0.001 -30"><span class='ocrx_word' id='word_1_82' title='bbox 131 1588 270 1680; x_wconf 84' lang='grc' dir='ltr'><em>σοφῶν</em></span> <span class='ocrx_word' id='word_1_83' title='bbox 293 1580 450 1683; x_wconf 75' lang='grc' dir='ltr'><em>περὶτὰ</em></span> <span class='ocrx_word' id='word_1_84' title='bbox 476 1586 563 1659; x_wconf 75' lang='grc' dir='ltr'><em>θεῖα</em></span> <span class='ocrx_word' id='word_1_85' title='bbox 587 1580 795 1686; x_wconf 73' lang='grc' dir='ltr'><em>πράγματα</em></span> <span class='ocrx_word' id='word_1_86' title='bbox 817 1584 946 1686; x_wconf 81' lang='grc' dir='ltr'><em>ἱερέαν</em></span> <span class='ocrx_word' id='word_1_87' title='bbox 962 1589 1001 1658; x_wconf 79' lang='grc' dir='ltr'><em>τε</em></span> <span class='ocrx_word' id='word_1_88' title='bbox 1021 1581 1088 1658; x_wconf 82' lang='grc' dir='ltr'><strong>καὶ</strong></span> <span class='ocrx_word' id='word_1_89' title='bbox 1099 1582 1206 1680; x_wconf 75' lang='grc' dir='ltr'><em>ἱερει-</em></span> 
     </span>
     <span class='ocr_line' id='line_1_13' title="bbox 129 1698 1207 1805; baseline -0.001 -27"><span class='ocrx_word' id='word_1_90' title='bbox 129 1710 211 1790; x_wconf 79' lang='grc' dir='ltr'><strong>ὢν,</strong></span> <span class='ocrx_word' id='word_1_91' title='bbox 236 1701 338 1787; x_wconf 80' lang='grc' dir='ltr'><strong><em>ὅσοις</em></strong></span> <span class='ocrx_word' id='word_1_92' title='bbox 361 1703 537 1801; x_wconf 62' lang='grc' dir='ltr'><em>μεμέληκε</em></span> <span class='ocrx_word' id='word_1_93' title='bbox 560 1703 648 1805; x_wconf 79' lang='grc' dir='ltr'><em>περὶ</em></span> <span class='ocrx_word' id='word_1_94' title='bbox 671 1698 727 1781; x_wconf 80' lang='grc' dir='ltr'><strong>ὧν</strong></span> <span class='ocrx_word' id='word_1_95' title='bbox 750 1703 1068 1805; x_wconf 77' lang='grc' dir='ltr'><em>μεταχειρίζονται</em></span> <span class='ocrx_word' id='word_1_96' title='bbox 1093 1698 1207 1803; x_wconf 73' lang='grc' dir='ltr'><em>λόγον</em></span> 
     </span>
     <span class='ocr_line' id='line_1_14' title="bbox 131 1819 1207 1926; baseline -0.001 -27"><span class='ocrx_word' id='word_1_97' title='bbox 131 1825 228 1908; x_wconf 78' lang='grc' dir='ltr'><strong><em>οἵοις</em></strong></span> <span class='ocrx_word' id='word_1_98' title='bbox 257 1822 288 1897; x_wconf 79' lang='grc' dir='ltr'><strong>τ’</strong></span> <span class='ocrx_word' id='word_1_99' title='bbox 319 1820 415 1900; x_wconf 73' lang='grc' dir='ltr'><em>εἶναι</em></span> <span class='ocrx_word' id='word_1_100' title='bbox 439 1821 662 1901; x_wconf 74' lang='grc' dir='ltr'><em>διδόναι-</em></span> <span class='ocrx_word' id='word_1_101' title='bbox 681 1825 753 1920; x_wconf 83' lang='grc' dir='ltr'><strong>τὴν</strong></span> <span class='ocrx_word' id='word_1_102' title='bbox 776 1823 849 1924; x_wconf 77' lang='grc' dir='ltr'><strong>μὲν</strong></span> <span class='ocrx_word' id='word_1_103' title='bbox 873 1824 1002 1926; x_wconf 75' lang='grc' dir='ltr'><em>ψυχὴν</em></span> <span class='ocrx_word' id='word_1_104' title='bbox 1025 1820 1111 1899; x_wconf 80' lang='grc' dir='ltr'><em>τότε</em></span> <span class='ocrx_word' id='word_1_105' title='bbox 1135 1819 1207 1920; x_wconf 65' lang='grc' dir='ltr'><strong>μὲν</strong></span> 
     </span>
     <span class='ocr_line' id='line_1_15' title="bbox 130 1932 1304 2045; baseline -0.005 -26"><span class='ocrx_word' id='word_1_106' title='bbox 130 1950 325 2041; x_wconf 77' lang='grc' dir='ltr'><em>τελευτᾷν,</em></span> <span class='ocrx_word' id='word_1_107' title='bbox 349 1939 434 2018; x_wconf 83' lang='grc' dir='ltr'><em>τότε</em></span> <span class='ocrx_word' id='word_1_108' title='bbox 458 1941 501 2020; x_wconf 77' lang='lat' dir='ltr'><strong>&lt;lt</strong></span> <span class='ocrx_word' id='word_1_109' title='bbox 526 1941 641 2020; x_wconf 77' lang='grc' dir='ltr'><em>πάλιν</em></span> <span class='ocrx_word' id='word_1_110' title='bbox 663 1946 855 2045; x_wconf 73' lang='grc' dir='ltr'><em>γενέσθαι,</em></span> <span class='ocrx_word' id='word_1_111' title='bbox 881 1963 1093 2038; x_wconf 83' lang='lat' dir='ltr'><strong>quanquam</strong></span> <span class='ocrx_word' id='word_1_112' title='bbox 1116 1960 1207 2013; x_wconf 88' lang='lat' dir='ltr'><strong>ncu-</strong></span> <span class='ocrx_word' id='word_1_113' title='bbox 1300 1932 1304 1944; x_wconf 72' lang='lat'><em>&#39;</em></span> 
     </span>
     <span class='ocr_line' id='line_1_16' title="bbox 130 2057 1209 2157; baseline -0.004 -21"><span class='ocrx_word' id='word_1_114' title='bbox 130 2074 235 2136; x_wconf 73' lang='lat' dir='ltr'><strong>num</strong></span> <span class='ocrx_word' id='word_1_115' title='bbox 259 2083 433 2157; x_wconf 79' lang='lat' dir='ltr'><strong>magnam</strong></span> <span class='ocrx_word' id='word_1_116' title='bbox 456 2064 538 2137; x_wconf 88' lang='lat' dir='ltr'><strong>vim</strong></span> <span class='ocrx_word' id='word_1_117' title='bbox 562 2061 692 2151; x_wconf 83' lang='lat' dir='ltr'><strong>habet3</strong></span> <span class='ocrx_word' id='word_1_118' title='bbox 716 2083 807 2134; x_wconf 86' lang='lat' dir='ltr'><strong>narn</strong></span> <span class='ocrx_word' id='word_1_119' title='bbox 831 2070 869 2133; x_wconf 90' lang='lat' dir='ltr'><strong>et</strong></span> <span class='ocrx_word' id='word_1_120' title='bbox 892 2057 988 2132; x_wconf 92' lang='lat' dir='ltr'><strong>illud</strong></span> <span class='ocrx_word' id='word_1_121' title='bbox 1011 2060 1209 2134; x_wconf 71' lang='lat' dir='ltr'><strong>sortiritum</strong></span> 
     </span>
     <span class='ocr_line' id='line_1_17' title="bbox 131 2178 1209 2280; baseline -0.006 -25"><span class='ocrx_word' id='word_1_122' title='bbox 131 2205 219 2255; x_wconf 84' lang='lat' dir='ltr'><strong>esse</strong></span> <span class='ocrx_word' id='word_1_123' title='bbox 250 2192 375 2280; x_wconf 80' lang='lat' dir='ltr'><strong>potest</strong></span> <span class='ocrx_word' id='word_1_124' title='bbox 406 2194 444 2255; x_wconf 90' lang='lat' dir='ltr'><strong>et</strong></span> <span class='ocrx_word' id='word_1_125' title='bbox 472 2183 564 2256; x_wconf 80' lang='lat' dir='ltr'><strong>haec</strong></span> <span class='ocrx_word' id='word_1_126' title='bbox 594 2181 761 2255; x_wconf 87' lang='lat' dir='ltr'><strong>Platonis</strong></span> <span class='ocrx_word' id='word_1_127' title='bbox 793 2178 928 2256; x_wconf 82' lang='lat' dir='ltr'><strong>verba·</strong></span> <span class='ocrx_word' id='word_1_128' title='bbox 942 2178 990 2252; x_wconf 89' lang='lat' dir='ltr'><strong>de</strong></span> <span class='ocrx_word' id='word_1_129' title='bbox 1015 2178 1090 2251; x_wconf 83' lang='lat' dir='ltr'><strong>alio</strong></span> <span class='ocrx_word' id='word_1_130' title='bbox 1117 2194 1209 2275; x_wconf 88' lang='lat' dir='ltr'><strong>quo·</strong></span> 
     </span>
     <span class='ocr_line' id='line_1_18' title="bbox 130 2296 1209 2399; baseline -0.008 -21"><span class='ocrx_word' id='word_1_131' title='bbox 130 2302 225 2378; x_wconf 88' lang='lat' dir='ltr'><strong>dam</strong></span> <span class='ocrx_word' id='word_1_132' title='bbox 250 2325 381 2398; x_wconf 75' lang='lat' dir='ltr'><strong>genere</strong></span> <span class='ocrx_word' id='word_1_133' title='bbox 405 2325 594 2378; x_wconf 73' lang='lat' dir='ltr'><strong>semorum</strong></span> <span class='ocrx_word' id='word_1_134' title='bbox 620 2302 719 2377; x_wconf 88' lang='lat' dir='ltr'><strong>dicta</strong></span> <span class='ocrx_word' id='word_1_135' title='bbox 743 2299 935 2390; x_wconf 86' lang='lat' dir='ltr'><strong>videntur,</strong></span> <span class='ocrx_word' id='word_1_136' title='bbox 960 2296 1062 2399; x_wconf 80' lang='lat' dir='ltr'><strong>quod</strong></span> <span class='ocrx_word' id='word_1_137' title='bbox 1086 2299 1127 2371; x_wconf 90' lang='lat' dir='ltr'><strong>in</strong></span> <span class='ocrx_word' id='word_1_138' title='bbox 1151 2319 1209 2371; x_wconf 90' lang='lat' dir='ltr'><strong>se·</strong></span> 
     </span>
     <span class='ocr_line' id='line_1_19' title="bbox 134 2423 1172 2500; baseline 0.002 0"><span class='ocrx_word' id='word_1_139' title='bbox 134 2423 261 2500; x_wconf 88' lang='lat' dir='ltr'><strong>cundo</strong></span> <span class='ocrx_word' id='word_1_140' title='bbox 287 2424 383 2500; x_wconf 89' lang='lat' dir='ltr'><strong>libro</strong></span> <span class='ocrx_word' id='word_1_141' title='bbox 408 2425 636 2500; x_wconf 82' lang='lat' dir='ltr'><strong>tractabitur.</strong></span> <span class='ocrx_word' id='word_1_142' title='bbox 1169 2430 1172 2435; x_wconf 52' lang='lat'><em>⁴</em></span> 
     </span>
     <span class='ocr_line' id='line_1_20' title="bbox 240 2544 1210 2653; baseline -0.007 -33"><span class='ocrx_word' id='word_1_143' title='bbox 240 2545 313 2620; x_wconf 88' lang='lat' dir='ltr'><strong>His</strong></span> <span class='ocrx_word' id='word_1_144' title='bbox 337 2545 588 2653; x_wconf 83' lang='lat' dir='ltr'><strong>fundamentis</strong></span> <span class='ocrx_word' id='word_1_145' title='bbox 608 2548 720 2643; x_wconf 83' lang='lat' dir='ltr'><strong>jectis</strong></span> <span class='ocrx_word' id='word_1_146' title='bbox 744 2548 910 2646; x_wconf 74' lang='lat' dir='ltr'><strong>sequitu</strong></span> <span class='ocrx_word' id='word_1_147' title='bbox 933 2557 977 2619; x_wconf 87' lang='lat' dir='ltr'><strong>ut</strong></span> <span class='ocrx_word' id='word_1_148' title='bbox 994 2544 1137 2642; x_wconf 84' lang='lat' dir='ltr'><strong>reliqua</strong></span> <span class='ocrx_word' id='word_1_149' title='bbox 1156 2550 1210 2612; x_wconf 88' lang='lat' dir='ltr'><strong>te-</strong></span> 
     </span>
     <span class='ocr_line' id='line_1_21' title="bbox 133 2667 1280 2768; baseline -0.006 -26"><span class='ocrx_word' id='word_1_150' title='bbox 133 2667 316 2742; x_wconf 87' lang='lat' dir='ltr'><strong>stimonia</strong></span> <span class='ocrx_word' id='word_1_151' title='bbox 346 2690 645 2767; x_wconf 81' lang='lat' dir='ltr'><strong>percenseamus3</strong></span> <span class='ocrx_word' id='word_1_152' title='bbox 678 2691 838 2768; x_wconf 88' lang='lat' dir='ltr'><strong>quorum</strong></span> <span class='ocrx_word' id='word_1_153' title='bbox 862 2669 1029 2742; x_wconf 65' lang='lat' dir='ltr'><strong>maxima*</strong></span> <span class='ocrx_word' id='word_1_154' title='bbox 1051 2685 1139 2762; x_wconf 87' lang='lat' dir='ltr'><strong>pars</strong></span> <span class='ocrx_word' id='word_1_155' title='bbox 1163 2682 1211 2735; x_wconf 83' lang='lat' dir='ltr'><strong>ex</strong></span> <span class='ocrx_word' id='word_1_156' title='bbox 1278 2694 1280 2697; x_wconf 51' lang='grc'>’</span> 
     </span>
    </p>
   </div>
   <div class='ocr_carea' id='block_1_7' title="bbox 134 2783 1349 2883">
    <p class='ocr_par' dir='ltr' id='par_1_7' title="bbox 134 2783 1349 2883">
     <span class='ocr_line' id='line_1_22' title="bbox 134 2783 1349 2883; baseline -0.004 -21"><span class='ocrx_word' id='word_1_157' title='bbox 134 2787 273 2864; x_wconf 88' lang='lat' dir='ltr'><strong>eodem</strong></span> <span class='ocrx_word' id='word_1_158' title='bbox 305 2811 436 2883; x_wconf 82' lang='lat' dir='ltr'><strong>genere</strong></span> <span class='ocrx_word' id='word_1_159' title='bbox 469 2800 557 2863; x_wconf 86' lang='lat' dir='ltr'><strong>sunt</strong></span> <span class='ocrx_word' id='word_1_160' title='bbox 587 2788 792 2865; x_wconf 83' lang='lat' dir='ltr'><strong>laudative.</strong></span> <span class='ocrx_word' id='word_1_161' title='bbox 843 2785 971 2862; x_wconf 84' lang='lat' dir='ltr'><strong>Cicero</strong></span> <span class='ocrx_word' id='word_1_162' title='bbox 996 2788 1036 2860; x_wconf 92' lang='lat' dir='ltr'><strong>in</strong></span> <span class='ocrx_word' id='word_1_163' title='bbox 1063 2783 1211 2877; x_wconf 84' lang='lat' dir='ltr'><strong>dialogo</strong></span> <span class='ocrx_word' id='word_1_164' title='bbox 1347 2838 1349 2845; x_wconf 19' lang='lat' dir='ltr'>x</span> 
     </span>
    </p>
   </div>
   <div class='ocr_carea' id='block_1_8' title="bbox 135 2902 1216 3856">
    <p class='ocr_par' dir='ltr' id='par_1_8' title="bbox 135 2902 1216 3856">
     <span class='ocr_line' id='line_1_23' title="bbox 135 2902 1212 3010; baseline -0.01 -27"><span class='ocrx_word' id='word_1_165' title='bbox 135 2909 188 2983; x_wconf 88' lang='lat' dir='ltr'><strong>de</strong></span> <span class='ocrx_word' id='word_1_166' title='bbox 220 2909 360 3006; x_wconf 75' lang='lat' dir='ltr'><strong>legibus</strong></span> <span class='ocrx_word' id='word_1_167' title='bbox 386 2907 525 3000; x_wconf 80' lang='lat' dir='ltr'><strong>Quinto</strong></span> <span class='ocrx_word' id='word_1_168' title='bbox 551 2909 676 3001; x_wconf 81' lang='lat' dir='ltr'><strong>fratri,</strong></span> <span class='ocrx_word' id='word_1_169' title='bbox 702 2934 812 3010; x_wconf 89' lang='lat' dir='ltr'><strong>quem</strong></span> <span class='ocrx_word' id='word_1_170' title='bbox 839 2934 923 2984; x_wconf 89' lang='lat' dir='ltr'><strong>cum</strong></span> <span class='ocrx_word' id='word_1_171' title='bbox 947 2907 1072 2983; x_wconf 84' lang='lat' dir='ltr'><strong>Attico</strong></span> <span class='ocrx_word' id='word_1_172' title='bbox 1098 2902 1212 2977; x_wconf 83' lang='lat' dir='ltr'><strong>rollo·</strong></span> 
     </span>
     <span class='ocr_line' id='line_1_24' title="bbox 135 3026 1213 3130; baseline -0.01 -26"><span class='ocrx_word' id='word_1_173' title='bbox 135 3042 321 3130; x_wconf 78' lang='lat' dir='ltr'><strong>quantem.</strong></span> <span class='ocrx_word' id='word_1_174' title='bbox 338 3031 446 3121; x_wconf 81' lang='lat' dir='ltr'><strong>iacit,</strong></span> <span class='ocrx_word' id='word_1_175' title='bbox 472 3032 566 3106; x_wconf 84' lang='lat' dir='ltr'><strong>hanc</strong></span> <span class='ocrx_word' id='word_1_176' title='bbox 591 3034 798 3107; x_wconf 88' lang='lat' dir='ltr'><strong>orationem</strong></span> <span class='ocrx_word' id='word_1_177' title='bbox 823 3031 970 3121; x_wconf 88' lang='lat' dir='ltr'><strong>tribuit;</strong></span> <span class='ocrx_word' id='word_1_178' title='bbox 1003 3026 1213 3102; x_wconf 86' lang='lat' dir='ltr'><strong>Athenae</strong></span> 
     </span>
     <span class='ocr_line' id='line_1_25' title="bbox 136 3145 1214 3245; baseline -0.011 -18"><span class='ocrx_word' id='word_1_179' title='bbox 136 3166 250 3227; x_wconf 87' lang='lat' dir='ltr'><strong>tuae</strong></span> <span class='ocrx_word' id='word_1_180' title='bbox 275 3162 370 3225; x_wconf 93' lang='lat' dir='ltr'><strong>tum</strong></span> <span class='ocrx_word' id='word_1_181' title='bbox 395 3152 544 3226; x_wconf 86' lang='lat' dir='ltr'><strong>multa</strong></span> <span class='ocrx_word' id='word_1_182' title='bbox 568 3155 746 3226; x_wconf 83' lang='lat' dir='ltr'><strong>eximia</strong></span> <span class='ocrx_word' id='word_1_183' title='bbox 763 3152 988 3227; x_wconf 89' lang='lat' dir='ltr'><strong>videntur</strong></span> <span class='ocrx_word' id='word_1_184' title='bbox 1009 3145 1214 3245; x_wconf 87' lang='lat' dir='ltr'><strong>peperis-</strong></span> 
     </span>
     <span class='ocr_line' id='line_1_26' title="bbox 138 3266 1214 3375; baseline -0.008 -30"><span class='ocrx_word' id='word_1_185' title='bbox 138 3295 209 3362; x_wconf 88' lang='lat' dir='ltr'><strong>se,</strong></span> <span class='ocrx_word' id='word_1_186' title='bbox 234 3280 328 3346; x_wconf 88' lang='lat' dir='ltr'><strong>tu&#39;m</strong></span> <span class='ocrx_word' id='word_1_187' title='bbox 353 3273 476 3347; x_wconf 88' lang='lat' dir='ltr'><strong>nihil</strong></span> <span class='ocrx_word' id='word_1_188' title='bbox 500 3274 668 3349; x_wconf 88' lang='lat' dir='ltr'><strong>melius</strong></span> <span class='ocrx_word' id='word_1_189' title='bbox 693 3274 799 3347; x_wconf 89' lang='lat' dir='ltr'><strong>illis</strong></span> <span class='ocrx_word' id='word_1_190' title='bbox 824 3270 1093 3375; x_wconf 82' lang='lat' dir='ltr'><strong>mysteriis,</strong></span> <span class='ocrx_word' id='word_1_191' title='bbox 1118 3266 1214 3364; x_wconf 89' lang='lat' dir='ltr'><strong>qui-</strong></span> 
     </span>
     <span class='ocr_line' id='line_1_27' title="bbox 139 3387 1215 3493; baseline -0.011 -25"><span class='ocrx_word' id='word_1_192' title='bbox 139 3394 228 3468; x_wconf 86' lang='lat' dir='ltr'><strong>bus</strong></span> <span class='ocrx_word' id='word_1_193' title='bbox 267 3416 320 3466; x_wconf 82' lang='lat' dir='ltr'><strong>cx</strong></span> <span class='ocrx_word' id='word_1_194' title='bbox 362 3397 540 3490; x_wconf 81' lang='lat' dir='ltr'><strong>agresti</strong></span> <span class='ocrx_word' id='word_1_195' title='bbox 578 3398 859 3493; x_wconf 89' lang='lat' dir='ltr'><strong>immanique</strong></span> <span class='ocrx_word' id='word_1_196' title='bbox 898 3393 1001 3467; x_wconf 87' lang='lat' dir='ltr'><strong>vita</strong></span> <span class='ocrx_word' id='word_1_197' title='bbox 1033 3387 1215 3463; x_wconf 85' lang='lat' dir='ltr'><strong>exculti</strong></span> 
     </span>
     <span class='ocr_line' id='line_1_28' title="bbox 138 3505 1215 3611; baseline -0.012 -21"><span class='ocrx_word' id='word_1_198' title='bbox 138 3513 201 3590; x_wconf 89' lang='lat' dir='ltr'><strong>ad</strong></span> <span class='ocrx_word' id='word_1_199' title='bbox 234 3516 574 3591; x_wconf 82' lang='lat' dir='ltr'><strong>humanitatem</strong></span> <span class='ocrx_word' id='word_1_200' title='bbox 606 3530 651 3590; x_wconf 89' lang='lat' dir='ltr'><strong>et</strong></span> <span class='ocrx_word' id='word_1_201' title='bbox 681 3516 891 3611; x_wconf 80' lang='lat' dir='ltr'><strong>mitigati</strong></span> <span class='ocrx_word' id='word_1_202' title='bbox 923 3532 1108 3598; x_wconf 86' lang='lat' dir='ltr'><strong>sumus,</strong></span> <span class='ocrx_word' id='word_1_203' title='bbox 1130 3505 1215 3580; x_wconf 91' lang='lat' dir='ltr'><strong>ini·</strong></span> 
     </span>
     <span class='ocr_line' id='line_1_29' title="bbox 139 3625 1216 3738; baseline -0.002 -29"><span class='ocrx_word' id='word_1_204' title='bbox 139 3638 307 3733; x_wconf 85' lang='lat' dir='ltr'><strong>tiaque</strong></span> <span class='ocrx_word' id='word_1_205' title='bbox 339 3647 387 3710; x_wconf 92' lang='lat' dir='ltr'><strong>ut</strong></span> <span class='ocrx_word' id='word_1_206' title='bbox 420 3637 724 3738; x_wconf 85' lang='lat' dir='ltr'><strong>appellantur</strong></span> <span class='ocrx_word' id='word_1_207' title='bbox 757 3639 826 3711; x_wconf 83' lang='lat' dir='ltr'><strong>ita</strong></span> <span class='ocrx_word' id='word_1_208' title='bbox 850 3657 1020 3711; x_wconf 88' lang='lat' dir='ltr'><strong>revera</strong></span> <span class='ocrx_word' id='word_1_209' title='bbox 1043 3625 1216 3731; x_wconf 87' lang='lat' dir='ltr'><strong>princi·</strong></span> 
     </span>
     <span class='ocr_line' id='line_1_30' title="bbox 139 3746 1216 3856; baseline -0.013 -27"><span class='ocrx_word' id='word_1_210' title='bbox 139 3759 227 3856; x_wconf 82' lang='lat' dir='ltr'><strong>pia</strong></span> <span class='ocrx_word' id='word_1_211' title='bbox 265 3758 396 3830; x_wconf 87' lang='lat' dir='ltr'><strong>vitae</strong></span> <span class='ocrx_word' id='word_1_212' title='bbox 437 3754 833 3856; x_wconf 77' lang='lat' dir='ltr'><strong>cognovimus[‘¹],</strong></span> <span class='ocrx_word' id='word_1_213' title='bbox 874 3777 1022 3855; x_wconf 90' lang='lat' dir='ltr'><strong>neque</strong></span> <span class='ocrx_word' id='word_1_214' title='bbox 1064 3746 1216 3822; x_wconf 84' lang='lat' dir='ltr'><strong>solum</strong></span> 
     </span>
    </p>
   </div>
   <div class='ocr_carea' id='block_1_9' title="bbox 142 3885 1219 4108">
    <p class='ocr_par' dir='ltr' id='par_1_9' title="bbox 142 3885 1219 4108">
     <span class='ocr_line' id='line_1_31' title="bbox 158 3885 1217 4015; baseline 0.007 -68"><span class='ocrx_word' id='word_1_215' title='bbox 158 3965 166 3978; x_wconf 31' lang='grc' dir='ltr'>ι</span> <span class='ocrx_word' id='word_1_216' title='bbox 216 3889 350 4015; x_wconf 45' lang='lat' dir='ltr'><strong>[usum</strong></span> <span class='ocrx_word' id='word_1_217' title='bbox 366 3895 499 3949; x_wconf 84' lang='lat' dir='ltr'><strong>rhetorica</strong></span> <span class='ocrx_word' id='word_1_218' title='bbox 514 3902 556 3949; x_wconf 82' lang='lat' dir='ltr'><strong>est</strong></span> <span class='ocrx_word' id='word_1_219' title='bbox 572 3913 624 3948; x_wconf 85' lang='lat' dir='ltr'><strong>non</strong></span> <span class='ocrx_word' id='word_1_220' title='bbox 640 3898 810 3981; x_wconf 67' lang='lat' dir='ltr'><strong>gmmmtica</strong></span> <span class='ocrx_word' id='word_1_221' title='bbox 825 3892 1015 3980; x_wconf 70' lang='lat' dir='ltr'><strong>interpretatio·</strong></span> <span class='ocrx_word' id='word_1_222' title='bbox 1050 3885 1217 3954; x_wconf 57' lang='lat' dir='ltr'><strong>lflffiaPm&#39;</strong></span> 
     </span>
     <span class='ocr_line' id='line_1_32' title="bbox 142 3952 1219 4035; baseline 0.004 -18"><span class='ocrx_word' id='word_1_223' title='bbox 142 3980 223 4032; x_wconf 79' lang='lat' dir='ltr'><strong>crpuc</strong></span> <span class='ocrx_word' id='word_1_224' title='bbox 268 3974 361 4035; x_wconf 70' lang='lat' dir='ltr'><strong>cuntur</strong></span> <span class='ocrx_word' id='word_1_225' title='bbox 377 3983 478 4019; x_wconf 80' lang='lat' dir='ltr'><strong>sacra</strong></span> <span class='ocrx_word' id='word_1_226' title='bbox 495 3966 538 4020; x_wconf 83' lang='lat' dir='ltr'><strong>val</strong></span> <span class='ocrx_word' id='word_1_227' title='bbox 555 3968 722 4021; x_wconf 81' lang='lat' dir='ltr'><strong>communiter</strong></span> <span class='ocrx_word' id='word_1_228' title='bbox 738 3977 807 4021; x_wconf 78' lang='lat' dir='ltr'><strong>ment</strong></span> <span class='ocrx_word' id='word_1_229' title='bbox 824 3983 909 4021; x_wconf 86' lang='lat' dir='ltr'><strong>omma</strong></span> <span class='ocrx_word' id='word_1_230' title='bbox 925 3980 992 4034; x_wconf 86' lang='lat' dir='ltr'><strong>quae</strong></span> <span class='ocrx_word' id='word_1_231' title='bbox 1002 3964 1132 4020; x_wconf 70' lang='lat' dir='ltr'><strong>ineuntur.</strong></span> <span class='ocrx_word' id='word_1_232' title='bbox 1149 3952 1219 4007; x_wconf 56' lang='grc' dir='ltr'><strong>Μ</strong></span> 
     </span>
     <span class='ocr_line' id='line_1_33' title="bbox 146 4023 1218 4108; baseline 0.008 -22"><span class='ocrx_word' id='word_1_233' title='bbox 146 4032 386 4104; x_wconf 64' lang='lat' dir='ltr'><strong>sarcitector,</strong></span> <span class='ocrx_word' id='word_1_234' title='bbox 404 4036 728 4108; x_wconf 60' lang='lat' dir='ltr'><strong>iustissimorum</strong></span> <span class='ocrx_word' id='word_1_235' title='bbox 747 4040 833 4092; x_wconf 61' lang='lat' dir='ltr'><strong>verro</strong></span> <span class='ocrx_word' id='word_1_236' title='bbox 851 4038 882 4089; x_wconf 82' lang='lat' dir='ltr'><strong>n.</strong></span> <span class='ocrx_word' id='word_1_237' title='bbox 901 4036 934 4088; x_wconf 79' lang='lat' dir='ltr'><strong>n</strong></span> <span class='ocrx_word' id='word_1_238' title='bbox 952 4033 987 4086; x_wconf 88' lang='lat'><strong>11.</strong></span> <span class='ocrx_word' id='word_1_239' title='bbox 1005 4025 1069 4082; x_wconf 71' lang='lat' dir='ltr'><strong>es.</strong></span> <span class='ocrx_word' id='word_1_240' title='bbox 1088 4023 1218 4094; x_wconf 59' lang='lat' dir='ltr'><strong>veroni</strong></span> 
     </span>
    </p>
   </div>
   <div class='ocr_carea' id='block_1_10' title="bbox 0 0 1480 4825">
    <p class='ocr_par' dir='ltr' id='par_1_10' title="bbox 0 0 1480 4825">
     <span class='ocr_line' id='line_1_34' title="bbox 0 0 1480 4825; baseline 0 0"><span class='ocrx_word' id='word_1_241' title='bbox 0 0 1480 4825; x_wconf 95' lang='lat' dir='ltr'><strong> </strong></span> 
     </span>
    </p>
   </div>
  </div>
 </body>
</html>
