2909 4825
340 227 343 236 ¹
441 263 791 331 'ornantes
945 277 948 282 ⁴
1118 261 1193 335 765

117 453 201 507 eme
225 430 457 506 demonstrat
464 483 475 520 ,
507 430 575 504 hos
607 441 731 503 autem
766 441 962 504 ventomm
995 432 1103 508 flatus
1137 460 1193 508 re-

116 576 221 647 gere3
272 572 483 650 quanquam
529 560 677 650 poterat
723 549 835 623 etiam
883 550 954 625 hoe
999 555 1138 631 afferre
1170 580 1193 631 a

115 672 283 747 Luciano
323 683 498 747 testatum
537 673 578 745 in
611 665 788 747 couvre·
812 693 849 768 p.
881 670 943 745 dd.
978 672 1019 751 T.
1053 675 1118 752 IX.
1152 680 1191 752 in

114 791 266 865 Anaeeo
308 804 399 866 vota
438 814 507 892 pm
547 792 763 890 nuptiarum
804 813 971 895 sumessu
1014 811 1192 898 eoneepta
1257 841 1264 856 ·

115 933 211 987 esse.
269 911 409 987 Verum
446 912 518 988 hae
558 914 827 988 Dioseuror‘um
863 922 902 984 et
936 911 1190 1014 Tritopatrum

113 1031 382 1108 similitudines
420 1032 597 1109 fortuitae
636 1043 724 1106 sunt
765 1043 803 1104 et
836 1031 1065 1128 levissimam
1104 1060 1191 1112 nuru

21 1203 24 1207 -
115 1153 259 1228 Aeolus
298 1175 445 1253 quoque
484 1163 522 1227 et
561 1151 616 1226 dii
653 1152 788 1226 marini
829 1172 958 1228 omnes
990 1167 1189 1231 ventorum
1335 1151 1337 1155 ’

111 1274 316 1378 imperinm
341 1273 494 1365 habent;
520 1270 787 1347 dissimilitudo
807 1285 932 1346 autem
952 1275 1051 1349 inter
1069 1289 1190 1353 utros·

110 1416 190 1494 que
221 1395 397 1470 maxima
454 1390 556 1483 Quid
587 1395 686 1468 eninr
717 1393 886 1468 omnium
917 1416 1013 1492 quae
1045 1395 1093 1470 de
1120 1395 1190 1472 Ca·

109 1526 261 1591 storum
288 1525 391 1605 ortu,
417 1536 591 1603 numero,
616 1506 723 1603 fetis,
748 1513 891 1587 artibus
908 1499 955 1587 ¹et
973 1516 1189 1592 muneribus

110 1633 269 1736 proditu
292 1646 399 1723 sunt,
426 1636 600 1709 eonvenit
623 1633 700 1708 iilis
722 1630 823 1708 Solis
844 1632 1053 1734 Terraeque
1076 1638 1188 1713 iiiiisi

112 1753 219 1847 Quid
251 1755 427 1852 anreus,
463 1754 552 1855 qnid
584 1753 777 1829 Enbtrleus
809 1766 848 1827 et
878 1754 1070 1850 Dionysus
1102 1780 1186 1833 eum

110 1879 174 1952 his
208 1896 403 1952 commune
436 1887 475 1950 et
507 1877 742 1971 conjunctum
775 1872 936 1949 habenti
955 1969 958 1976 .
974 1873 1057 1952 Nisi
1091 1879 1188 1954 forte

5 1981 9 1989 ’
109 1998 239 2099 plaeet
263 1993 448 2094 ejusmodi
479 1995 768 2091 argumentatio:
801 2005 906 2085 sunt,
941 1998 1005 2096 qni
1029 1996 1188 2073 Dioscu-

110 2120 180 2193 ris‘
202 2112 391 2193 Curetum
410 2136 549 2190 nomen
581 2114 772 2204 tribuant,v
800 2112 953 2190 Ctuetes
978 2138 1070 2191 vero
1095 2140 1187 2192 non-

109 2258 305 2337 nunquam
328 2259 412 2310 oum
439 2231 584 2309 Cabiris
609 2233 895 2325 confunduntur,
919 2237 1016 2310 inter
1034 2236 1103 2312 hos
1122 2261 1188 2312 eu·

111 2365 194 2437 tem
220 2378 316 2432 nnus
341 2368 411 2449 est,
437 2377 547 2454 quem
572 2355 741 2430 nonnulii
766 2355 977 2451 Dionysum
1002 2358 1186 2458 interpre-

110 2488 253 2566 tantur,
279 2478 345 2575 qui
368 2480 452 2575 ipse
470 2474 662 2550 Eubuleus
681 2474 827 2550 dieitur
837 2485 876 2549 et
895 2477 1073 2573 Zagreos3
1099 2502 1187 2575 ergo

110 2604 243 2696 itaque
279 2595 370 2671 haee
411 2594 666 2694 Tritopatrum
703 2598 786 2673 sive
818 2596 1085 2703 Dioscurorum
1106 2610 1187 2673 'no-

109 2722 219 2799 mina
250 2716 366 2791 fuisse
397 2715 618 2794 sumendum
651 2728 717 2792 est
767 2717 821 2792 At
845 2719 916 2792 hoc
940 2718 1053 2794 modo
1080 2743 1186 2817 argu·

109 2837 273 2917 mentori
304 2836 428 2910 soient
458 2840 504 2928 ii,
542 2841 606 2937 qui
638 2837 836 2913 lectoribus
868 2840 1027 2914 incautis
1060 2839 1185 2917 inmun

109 2962 237 3037 secere
268 2958 432 3056 cupiunt.
489 2957 672 3056 Equidem
706 2976 844 3032 nomen
868 2959 1069 3055 Zagreus
1094 2963 1185 3058 quin

111 3103 206 3158 vare
230 3077 278 3151 ab
302 3075 586 3151 Hemsterhusio
610 3079 873 3176 interpositum
899 3080 967 3167 sit,
992 3077 1093 3152 haud
1119 3079 1185 3185 du3
1301 3064 1305 3073 ¹

112 3188 330 3285 bitaverim,
355 3195 468 3296 idque
491 3197 533 3270 in
556 3197 624 3270 ilio
649 3198 734 3294 ipse
761 3196 1099 3296 Tritopatreus
1125 3222 1186 3273 oe·
1299 3222 1301 3226 ·

112 3322 214 3397 culte
245 3315 508 3416 eomprehendi
538 3328 650 3416 puto,
685 3314 785 3390 unde
817 3320 850 3390 si
876 3329 1084 3417 postremas
1109 3320 1185 3414 syl·

111 3441 222 3517 labus
253 3436 446 3527 reciderit,
479 3447 630 3537 superat
662 3435 817 3527 Trito,
849 3459 923 3535 quo
949 3437 1081 3513 leniter
1106 3462 1184 3513 eor-

111 3571 218 3639 reeto
253 3559 348 3633 hane
380 3546 557 3633 efficimus
582 3558 829 3637 sententiam:
861 3555 978 3633 Jove
1011 3571 1057 3632 et
1081 3558 1185 3633 Pro

113 3680 307 3779 serpina
331 3681 431 3754 nati
457 3677 607 3769 Brito;
632 3676 674 3751 id
700 3687 826 3752 autem
852 3677 1096 3777 Proserpinae
1123 3679 1183 3754 vei

113 3800 282 3876 Heeetae
321 3818 523 3895 cognomen
563 3798 697 3888 fnium,
739 3796 859 3894 colligi
906 3796 1183 3896 quodammodo

114 3932 242 4019 potest
280 3941 326 3994 ex
360 3919 439 4010 his,
474 3940 584 4017 quae
617 3918 860 3994 Grammatiei
891 3915 939 3992 de
971 3917 1183 3993 nominibus

118 4038 369 4145 Βριτόμαρτις
407 4051 447 4114 et
484 4036 706 4138 Μελιτώδης
738 4041 989 4138 praecipiunt,
1022 4038 1181 4113 Mello·
