2909 4825
488 260 832 317 snsusrsrs
1119 245 1192 326 141

128 435 189 496 ret
228 418 397 498 domem
435 422 501 498 vix
538 391 664 497 animo
701 417 975 521 praesagiebat,
1017 431 1193 520 quamn
1347 473 1348 476 a

129 542 348 637 conjocuu'is
392 550 430 613 et
467 539 748 615 adulationibus
782 542 937 637 januam
977 544 1193 640 aperuisset

129 662 418 752 Warburtonus‚
456 661 809 760 mysteriographipe
839 663 1010 760 princeps
1032 671 1192 759 'parens-

129 807 214 883 que,
239 783 328 857 haec
353 783 560 880 expiscatus
585 792 658 853 est:
682 781 727 854 ln
752 782 965 856 minusculis
987 805 1111 856 rerum
1136 782 1193 857 di·

130 905 303 978 vinarum
326 902 517 975 scientiam
541 899 761 991 inchoatam,
784 903 825 975 iu
849 902 1061 998 majusculis
1080 919 1194 977 exse·

130 1021 315 1096 dificatsm
348 1043 447 1112 esse,
478 1019 594 1095 verba
624 1021 691 1095 illa
716 1020 901 1101 ὑπόθεσιν
927 1025 1058 1120 ἔχοντα
1082 1023 1192 1100 dedo-
1268 1025 1270 1030 ’

130 1141 282 1227 σκαλίας
312 1142 354 1213 in
383 1141 481 1214 huno
504 1139 656 1214 modum
681 1142 863 1240 accipiens
887 1125 1193 1218 fundamenta
1256 1209 1261 1214 .

129 1262 379 1339 doctrinae
411 1263 670 1352 continent,
702 1274 741 1335 et
771 1263 812 1335 in
842 1262 1079 1359 sequentibus
1109 1263 1195 1365 sepi

126 1392 210 1462 τῶν
235 1378 464 1483 συμπάντων
489 1366 640 1482 supplet
662 1381 820 1459 verbum
844 1381 934 1473 loti,
959 1381 1015 1457 de
1038 1406 1221 1488 rorum(

130 1502 456 1579 universitate
493 1500 672 1598 docent.
743 1500 870 1600 Neque
909 1500 1017 1576 aliter
1048 1502 1194 1599 judicat

131 1624 366 1703 Snncrudus:
406 1621 502 1711 „Les
534 1621 668 1718 nands
700 1617 881 1715 myrtites
913 1623 1064 1697 avaient
1095 1644 1193 1722 pour

128 1743 257 1838 „objet
292 1741 553 1817 1‘universalttt
594 1739 661 1817 dis
700 1741 816 1833 itrcs,
858 1738 908 1816 οὐ
946 1742 1022 1817 l’on
1055 1745 1195 1819 n’avoit

128 1863 239 1962 „plus
263 1864 342 1935 rien
367 1855 392 1934 a
415 1859 641 1961 apprendre,
672 1857 843 1937 maisou
866 1862 941 1935 l'on
965 1864 1195 1963 compronoit

129 1985 194 2074 „la
216 1992 347 2056 nature
372 1993 411 2054 et
433 1982 488 2055 les
515 1982 679 2069 choses.“
704 1982 748 2056 Τ.
763 1982 792 2055 1.
810 2005 849 2079 p.
867 1981 956 2055 420.
970 1971 1071 2056 ¹Mira
1088 1984 1193 2074 fides,

128 2116 211 2177 tum
243 2101 337 2174 nihil
369 2098 664 2176 addiscendum
696 2099 879 2199 reliquum
911 2100 1044 2192 fuisse,
1077 2125 1194 2199 quum

127 2244 253 2297 rerum
284 2223 506 2296 universitas
537 2221 790 2321 explicaretur.
848 2216 1073 2312 menuctus,
1099 2221 1194 2297 San·

129 2343 243 2418 crudi
266 2340 505 2442 pedisequus,
529 2343 570 2417 iu
593 2343 781 2437 mysteriis
804 2341 1045 2438 minusculis,
1061 2341 1194 2440 quibus

129 2464 222 2537 solis
247 2459 415 2537 Gemens
440 2464 604 2561 aliquam
628 2464 876 2542 διδασκαλίαν
895 2463 1087 2561 relinquit,
1110 2460 1193 2537 nul·

128 2584 206 2657 lam
231 2595 375 2682 portem
401 2582 589 2657 (leoninae
613 2585 846 2683 propositam
871 2604 952 2657 esse
975 2582 1105 2658 statuit
1126 2579 1194 2656 sed

128 2702 386 2777 tantummodo
417 2705 594 2799 imagines
625 2725 750 2777 rerum
783 2702 994 2778 divinarum
1027 2712 1077 2774 et
1092 2722 1194 2795 sym-

127 2821 234 2913 bola3
253 2823 294 2896 in
311 2824 522 2918 majusculis
541 2844 630 2899 vero
649 2823 857 2898 sacerdotes
875 2824 1008 2898 horum
1026 2822 1195 2921 omnium

128 2943 312 3017 rationem
336 2941 561 3034 reddidisse,
585 2945 656 3034 ric,
681 2954 723 3017 ut
747 2944 887 3018 initiati
911 2941 1194 3017 summinumi·
1251 2966 1252 2969 ¹

128 3063 188 3135 nis
213 3062 477 3159 perfectionem
502 3072 541 3135 et
564 3064 604 3135 in
628 3063 858 3163 procreando
881 3064 953 3139 noe
975 3059 1116 3145 mundo
1134 3083 1193 3134 ra·

129 3182 270 3255 tionem
301 3185 551 3281 perspicerent
582 3193 621 3256 et
650 3196 771 3257 semet
801 3185 906 3281 ipsos
945 3170 1194 3278 agnoscerent,

129 3325 204 3401 qua
227 3302 308 3398 lege
331 3304 411 3377 nati
435 3301 485 3376 ad
511 3323 600 3401 quas
625 3324 685 3377 res
710 3301 888 3377 destinati
913 3312 1044 3377 ersom.
1092 3299 1193 3376 Heo-

128 3424 213 3497 oinc
238 3417 476 3498 Clementem
490 3421 647 3514 dixisro,
678 3423 941 3518 mysteriorum
965 3441 1193 3522 paganorum

129 3554 394 3618 contemtorem
420 3554 464 3617 et
482 3565 628 3618 osorem
652 3543 893 3619 acerrimumi
925 3542 1048 3618 Verba
1077 3542 1126 3620 τὰ
1150 3538 1193 3616 dl

127 3663 273 3770 μεγάλα
304 3677 429 3739 utrum
460 3663 628 3738 cleonte
658 3665 734 3738 siut
763 3665 887 3764 posita
917 3686 967 3738 an
989 3663 1194 3737 referantur

131 3781 179 3857 ad
204 3781 359 3858 verbum
384 3784 617 3863 ὑπολείπεται
641 3785 763 3860 active
784 3796 968 3885 sumtum,
999 3804 1074 3856 non
1099 3779 1194 3855 mul·

131 3914 212 3977 tum
234 3906 405 3996 interost3
431 3907 612 3978 sententia
636 3916 760 4003 patet:
784 3902 1046 4000 Majuscula
1069 3899 1193 4011 nihil

132 4022 333 4120 amplius
357 4022 417 4099 ad
441 4022 710 4100 discendum
736 4023 981 4125 praebent,
1017 4019 1097 4097 sod
1128 4016 1193 4120 ip·
