2909 4825
239 216 291 290 72
600 230 747 287 arana
771 229 961 287 paruos.

183 373 187 382 ’
240 387 310 463 bus
343 388 447 462 nulla
479 387 650 465 doctrina
682 368 859 487 adjuncta
889 390 969 470 ests
1001 390 1062 464 De
1087 413 1193 467 sacro
1218 394 1321 471 lava·

149 555 153 558 -
241 532 303 583 cro
329 509 484 607 loquens
510 509 768 586 'theodoretus
793 514 836 586 in
861 508 1066 611 compend.
1091 513 1206 588 Haer.
1230 515 1322 589 Fah.

136 633 143 646 '
240 629 285 703 V.
315 629 487 704 18„441.
514 631 721 731 Baptisma,
746 633 879 730 inquit,
905 655 981 706 non
1006 634 1129 709 solum
1152 635 1323 733 priorum

239 753 392 827 veniam
434 765 672 850 peccatorum
715 754 822 827 affert
855 754 950 831 ἀλλὰ
983 756 1047 831 καὶ
1080 755 1212 832 ἐλπίδα
1243 766 1323 835 τῶν

240 875 521 977 ἐπηγγελμένων
553 875 749 972 ἐντίθησιν
782 876 955 979 ἀγαθῶν.
1007 872 1130 973 Atque
1155 874 1205 949 ad
1229 875 1324 990 hanc

242 1014 350 1090 spem
382 995 563 1092 neophyti
598 1017 675 1067 non
707 996 819 1091 longa
852 998 1169 1090 argumentatione
1202 995 1323 1070 addu-

180 1161 182 1164 -
243 1125 392 1204 cuntur,
425 1113 493 1187 sed
518 1118 672 1188 nomine
693 1127 736 1190 et
751 1118 980 1190 'auctoritate
1007 1114 1069 1188 dei
1094 1118 1323 1214 compellun-

243 1244 313 1306 tur.
339 1233 403 1307 Ad
427 1256 629 1324 summum,
643 1238 688 1309 'si
714 1238 797 1334 quis
822 1259 884 1311 me
905 1236 1041 1310 obnixo
1054 1245 1170 1332 roget,
1197 1259 1324 1310 conoe

243 1351 329 1427 dam
362 1353 678 1452 menophantum,
717 1379 832 1456 mum
857 1357 1023 1431 Deorum
1049 1345 1325 1432 Eleu'siniarum

242 1475 324 1548 vim
350 1486 388 1547 et
412 1486 639 1573 potestatem
665 1477 918 1576 praedicaret,
944 1476 1083 1551 dixmre
1109 1476 1253 1576 aliquid
1277 1477 1325 1552 de

243 1596 423 1691 praemiis
454 1595 734 1698 religiosissimo
768 1601 898 1696 cuique
924 1619 1053 1672 earum
1080 1598 1216 1671 cultori
1237 1621 1325 1695 pro·

243 1715 378 1811 positis
412 1726 452 1789 et
485 1715 532 1789 de
564 1728 837 1793 contemtorum
869 1719 1062 1818 suppliciis
1077 1714 1149 1815 [¹³¹¹],
1173 1715 1242 1790 sed
1267 1718 1318 1792 vi·

245 1835 370 1908 cissim
385 1848 534 1935 petam,
560 1851 675 1911 utne
698 1840 785 1937 plus
811 1861 853 1912 se
868 1839 1054 1936 accepisse
1067 1847 1186 1935 putet,
1213 1858 1325 1935 quam

197 2029 203 2060 Ι
245 1953 337 2028 dare
367 1958 564 2033 voluerim.
623 1955 721 2034 Nam
758 1982 873 2058 quum
898 1958 1090 2032 Eleusinia
1121 1958 1170 2031 iis
1203 1969 1327 2032 essent

245 2088 457 2180 oensem
482 2080 709 2172 nominihus,
737 2103 896 2180 quorum
921 2081 982 2154 vis
1007 2078 1058 2153 ad
1083 2078 1223 2153 inferos
1242 2102 1327 2178 per·

246 2198 445 2298 tineretffl,
472 2221 661 2300 quumque
685 2199 840 2296 wlgari·
857 2201 1163 2297 interpretatione
1176 2200 1326 2276 Proser·

244 2320 358 2418 pinae
390 2331 522 2420 raptus
549 2334 588 2395 et
612 2323 800 2395 restitutio
827 2318 876 2394 ad
903 2323 1113 2394 animorum
1138 2322 1180 2394 in
1205 2321 1336 2396 ritam'

108 2446 112 2455 '
244 2440 413 2515 reditum-
434 2442 644 2531 referretur,
670 2463 750 2515 non
771 2439 930 2516 ‘dubium
956 2452 1031 2532 est,
1065 2444 1155 2541 quin
1170 2448 1233 2517 'ex
1257 2445 1326 2540 hy-

244 2562 361 2649 mnis,
403 2561 541 2635 labrrlis
579 2572 619 2635 et
658 2582 710 2634 ex
750 2570 831 2634 toto
874 2562 1159 2637 cerimoniarum
1198 2576 1328 2639 tenore

246 2679 387 2754 multae
421 2679 469 2754 de
500 2683 604 2756 vitae
636 2683 789 2755 alterius
825 2682 1058 2779 conjecttuae
1084 2680 1169 2757 duci
1194 2696 1326 2784 potue-

244 2801 341 2890 rint,
374 2802 523 2875 ctiamsi
555 2800 815 2902 Hierophanta
846 2803 1006 2880 verbmn
1032 2807 1221 2878 emitteret
1245 2807 1327 2880 nul·

246 2920 336 2994 lum.
386 2920 438 2995 Et
447 2924 491 2996 si
523 2923 614 3020 quid
646 2948 759 3023 super
790 2926 849 2999 his
873 2923 985 2999 rebus
1011 2922 1204 3017 disseruit,
1236 2925 1278 2999 id
1303 2950 1328 3001 a

245 3041 459 3136 vulgaribus
491 3043 627 3118 fabulis
661 3050 816 3121 minime
850 3045 1075 3142 disjunetum
1089 3047 1235 3137 'suisse,
1261 3070 1326 3146 ap·

246 3174 354 3259 paret
379 3185 426 3237 ex
451 3164 645 3243 Aeschinis
670 3169 901 3266 aliorumque
925 3168 1160 3241 testimoniis.
1192 3168 1259 3241 Ille
1284 3170 1326 3241 in

318 3383 375 3461 [hb]
393 3389 455 3445 Huc
480 3398 583 3518 rppctet
606 3393 797 3465 quodammodo
818 3394 1015 3466 Hierophsntae
1039 3394 1124 3448 oratic
1150 3411 1193 3463 ep.
1218 3392 1283 3463 tyr.
1302 3411 1324 3447 c

147 3410 152 3423 ι
205 3532 208 3537 „
252 3456 474 3533 Andoc.p.108.
528 3502 535 3516 .

318 3547 358 3617 [ο]
378 3544 497 3605 Χθόνιοι
513 3557 641 3605 vocantur
658 3552 739 3605 cerea
756 3556 784 3605 et
799 3550 898 3605 Libera
915 3551 1004 3606 Schol.
1022 3551 1111 3604 Aristo
1130 3554 1156 3605 h.
1174 3551 1246 3605 Nub.
1264 3550 1324 3605 905.

245 3615 379 3672 Plutarch.
397 3620 461 3689 Sym
481 3662 487 3674 .
505 3621 555 3675 III.
574 3621 598 3674 1.
616 3620 678 3674 565.
695 3621 821 3675 Artemid.
839 3622 874 3675 11.
891 3620 934 3675 35.
952 3622 1066 3676 Herode.
1084 3570 1129 3675 ΥΡ.
1146 3620 1204 3675 184.
1223 3630 1251 3675 et
1267 3640 1327 3675 sae-

246 3686 314 3811 pius.
349 3689 450 3761 Inscrip
472 3692 576 3762 oapnd
594 3692 769 3746 Muratorium
786 3692 884 3746 hnectl.
903 3693 937 3745 Τ.
957 3692 1043 3746 xxfl.
1061 3710 1087 3763 p.
1106 3694 1130 3745 4.
1149 3701 1177 3745 et
1193 3693 1324 3746 Thesaur.
1361 3744 1364 3750 .

276 3798 283 3812 .
306 3760 358 3813 ΙΙΙ.
382 3760 423 3815 Cl.
450 3762 523 3819 xlx.
547 3763 590 3816 98.
614 3761 640 3814 6.
664 3763 845 3837 παραδίδωμι
867 3768 925 3825 τοῖς
941 3768 1134 3833 καταχθονίοις
1150 3769 1227 3825 θεοῖς
1243 3767 1323 3819 τοῦτο

247 3826 277 3884 τὸ
295 3826 386 3903 ἡρῷον
403 3830 556 3904 φυλάσσειν
571 3828 714 3886 Πλούτωνι
731 3836 779 3887 καὶ
793 3830 917 3907 Δήμητρι
936 3837 982 3887 καὶ
995 3839 1036 3888 He
1073 3830 1161 3907 rcpo'rp
1179 3833 1325 3905 xal'Eprv-

248 3896 319 3954 νύσι.
355 3901 437 3956 Iidem
454 3906 567 3957 tortosae
583 3908 645 3955 aunt
661 3904 725 3957 eret
741 3900 844 3973 λύσιοι,
864 3904 959 3972 quibua
1024 3906 1091 3957 ucri
1108 3905 1193 3959 tutela
1210 3905 1326 3958 commit·

247 3970 314 4096 tistur
330 3972 358 4025 in
375 3973 529 4096 monpprcrpto
547 3972 751 4097 &poppaucus
769 3993 794 4027 r.
812 3976 985 4043 Hegenbuelr.
1030 3975 1091 4046 pist.
1108 3975 1203 4046 Epigr.
1221 3993 1247 4046 p.
1264 3973 1326 4028 247.

249 4042 412 4096 c.inlr.L.
459 4081 465 4095 .
509 4046 603 4097 .l.n.
675 4083 682 4097 .
