2909 4825
194 319 198 336 ,
237 250 329 327 oo»
595 243 741 316 nre‘nn
767 259 957 316 rmuos.

241 419 430 523 quondam
478 421 622 498 occulto
660 420 820 496 fuissent
861 421 924 496 vel
964 419 1058 496 dicis
1097 431 1135 493 et
1172 420 1325 495 honoris

243 567 354 621 causo
384 543 569 618 reservari
603 541 716 616 solita
750 552 790 615 et
815 541 952 615 debita
1005 538 1128 631 Quam
1153 540 1326 615 modeste

244 662 374 741 Cicero
407 660 455 735 de
484 663 581 758 jun's
613 662 802 758 augruelis
833 664 1023 757 mysteriis
1049 660 1193 735 dudum
1221 662 1326 737 evul-

244 786 339 883 gatis
370 783 535 883 loquitur
561 804 607 855 eo
632 782 716 856 lom
743 793 782 856 et
806 793 995 881 tempore,
1032 803 1107 880 quo
1133 784 1327 858 seientiam

246 927 354 981 suam
378 908 533 1004 impune
561 904 705 999 jactare
730 906 875 1003 posset!
909 903 1071 994 Venio,
1095 904 1236 1002 inquit,
1269 903 1327 977 ad

247 1047 465 1122 augures,
499 1045 696 1123 quorum
732 1046 816 1119 ego
847 1021 1019 1114 libros,
1052 1025 1091 1096 si
1118 1026 1328 1121 quisunt

246 1144 503 1237 reconditi,
542 1166 632 1218 non
673 1156 874 1237 scrutor;
916 1163 1007 1217 non
1048 1148 1225 1219 suntin
1259 1168 1328 1218 ex-

233 1264 478 1367 ''quirendo
500 1246 605 1361 jure
639 1286 863 1360 augurum
895 1268 1109 1340 curiosus
1144 1290 1182 1366 p.
1213 1267 1327 1339 Dom.

248 1388 331 1463 XV.
372 1432 424 1445 -
465 1383 587 1476 Quid
619 1396 690 1460 est
721 1396 815 1460 tam
852 1387 1068 1476 stultum,
1120 1408 1252 1485 quam
1287 1388 1329 1459 si

248 1511 351 1608 quis
385 1506 498 1607 quid
530 1507 580 1580 in
612 1505 758 1580 libris
792 1510 969 1581 vestris
1000 1509 1256 1603 invenerit,
1282 1505 1329 1579 id

249 1650 442 1703 narrare
475 1624 637 1715 vobis,
668 1625 746 1700 vel
780 1637 874 1700 tam
908 1621 1160 1718 curiosum,
1195 1607 1327 1725 quam
1373 1693 1385 1722 s

251 1771 304 1822 ea
334 1750 461 1824 scire
495 1745 646 1836 velle,
672 1744 728 1819 de
754 1747 925 1846 quibus
950 1749 1151 1844 majores
1176 1750 1329 1821 nostri

251 1890 336 1964 vos
370 1868 499 1942 solos
534 1878 581 1940 et
614 1868 800 1942 consuli
837 1878 884 1940 et
917 1870 1043 1942 scire
1073 1870 1330 1945 voluerunt

252 2013 282 2063 c
299 1988 408 2064 xiv.
433 2032 486 2046 --
510 1986 610 2062 Non
631 1986 886 2062 dissimulo
905 2013 974 2063 me
992 1992 1187 2080 nescire,
1215 2012 1331 2087 quae

252 2110 446 2183 etiamsi
480 2081 702 2204 scirem[¹]
740 2105 1110 2201 dissimularem,
1135 2133 1191 2184 ne
1218 2111 1331 2185 aliis
1410 2135 1421 2148 ¹

183 2224 200 2236 ’“
250 2229 504 2318 molestus,
535 2227 673 2304 vobit
708 2229 850 2304 etiam
883 2234 1101 2305 curiosus
1127 2230 1331 2322 viderer,

253 2352 346 2426 etsi
380 2348 596 2424 effluunt
627 2347 853 2437 multaex
877 2363 1045 2427 vestra
1070 2350 1332 2451 disciplina

224 2495 286 2546 c
311 2468 444 2545 XLVI.
476 2491 588 2568 quem
620 2469 745 2543 locum
778 2482 907 2544 contra
938 2471 1148 2547 Marclandi
1180 2472 1333 2549 cavilla·

255 2593 376 2666 tiones
407 2589 597 2690 praeclare
631 2586 799 2663 defendit
833 2591 1019 2666 Gesnerus
1050 2596 1091 2667 in
1124 2590 1332 2669 comment

256 2711 441 2807 Goetting.
467 2711 510 2785 Τ.
535 2712 600 2785 ΠΙ.
626 2709 725 2786 266:
747 2708 870 2801 Quam
895 2713 1104 2788 verecunde
1127 2718 1221 2790 item
1246 2715 1333 2788 Plu·
1393 2784 1398 2791 .

255 2832 374 2908 tamiri
414 2830 615 2925 convivae,
660 2854 773 2931 quum
813 2832 910 2907 forte
950 2833 1066 2909 Lucio
1099 2836 1331 2933 Pythagoreo

256 2963 453 3054 praesente
479 2952 527 3027 de
551 2953 711 3053 piscium
738 2952 961 3030 abstinentia
985 2959 1125 3031 mentio
1151 2957 1251 3049 facta
1275 2979 1332 3031 es-

256 3088 334 3166 set,
379 3077 570 3173 inceptum
611 3095 822 3148 sermonem
863 3079 1038 3151 continuo
1087 3075 1332 3176 abrumpunt:

256 3192 416 3281 Λεύκιος
447 3201 481 3271 el
511 3192 583 3296 μὲν
608 3197 768 3292 ἄχθεται
791 3201 870 3281 τοῖς
895 3201 1121 3302 λεγομένοις,
1161 3200 1243 3301 ὥρα
1266 3228 1332 3277 πε·

259 3302 447 3392 naoooat'
466 3316 531 3392 καὶ
561 3314 681 3416 ἡμᾶς,
714 3321 788 3421 si'ys
811 3325 933 3395 ταῦτα
957 3328 1036 3399 τῶν
1060 3320 1134 3397 ὑπὸ
1159 3320 1230 3420 τὴν
1255 3324 1332 3419 ὄχε-

257 3432 408 3535 μυθίαν
434 3437 514 3512 sou
537 3435 667 3535 symp.
694 3433 791 3509 un
820 3437 853 3511 1.
880 3437 966 3513 374.
992 3439 1035 3513 r.
1060 3438 1125 3514 xc
1152 3439 1194 3515 si
1218 3422 1335 3538 egon

258 3552 306 3627 de
329 3555 378 3627 iis
403 3553 526 3646 rebus,
552 3578 646 3654 quae
661 3558 744 3653 jam
763 3558 928 3633 notiores
947 3582 1066 3657 neque
1086 3560 1188 3659 apud
1203 3584 1333 3636 omnes

258 3685 407 3749 sanctae
432 3686 567 3766 essent,
592 3675 687 3749 adeo
711 3678 884 3775 religiose
907 3680 1056 3778 loquuti
1081 3693 1168 3755 sunt
1185 3694 1331 3758 veteres

211 3856 213 3859 .
256 3795 421 3896 nihilque
450 3798 492 3870 in
525 3817 598 3895 quo
630 3798 693 3872 vel
723 3788 856 3875 umbra
880 3800 1064 3900 quaedam
1089 3806 1216 3878 arcani
1239 3803 1331 3877 resi·

324 3982 364 4053 [⁸]
382 3983 424 4039 De
439 3986 575 4053 Augurum
590 3948 726 4057 discipline
744 3985 895 4045 Ciceronem
911 3989 997 4061 ipsum
1012 3991 1149 4063 suintune
1166 3996 1278 4045 constet.
1302 4008 1329 4044 v.

254 4049 400 4124 suntne.
416 4055 563 4127 lurisprnd.
581 4055 666 4111 Geor.
682 4075 709 4129 p.
726 4056 787 4110 266.
